,device,hidden_size,index_in_row,losses,n_batches,time,time_delta,time_delta_seconds,time_last
0,CPU,128,0.0,5.544853210449219,1,2019-06-21 13:22:47.712704,,,
1,CPU,128,1.0,5.544168472290039,1,2019-06-21 13:22:50.212251,0 days 00:00:02.499547000,2.499547,2019-06-21 13:22:47.712704
2,CPU,128,2.0,5.543473720550537,1,2019-06-21 13:22:52.700275,0 days 00:00:02.488024000,2.488024,2019-06-21 13:22:50.212251
3,CPU,128,3.0,5.542736530303955,1,2019-06-21 13:22:55.172457,0 days 00:00:02.472182000,2.472182,2019-06-21 13:22:52.700275
4,CPU,128,4.0,5.541954040527344,1,2019-06-21 13:22:57.638142,0 days 00:00:02.465685000,2.465685,2019-06-21 13:22:55.172457
5,CPU,128,5.0,5.541113376617432,1,2019-06-21 13:23:00.133249,0 days 00:00:02.495107000,2.495107,2019-06-21 13:22:57.638142
6,CPU,128,6.0,5.540211200714111,1,2019-06-21 13:23:02.644480,0 days 00:00:02.511231000,2.511231,2019-06-21 13:23:00.133249
7,CPU,128,7.0,5.5392279624938965,1,2019-06-21 13:23:05.155314,0 days 00:00:02.510834000,2.510834,2019-06-21 13:23:02.644480
8,CPU,128,8.0,5.538154125213623,1,2019-06-21 13:23:07.673924,0 days 00:00:02.518610000,2.51861,2019-06-21 13:23:05.155314
9,CPU,128,9.0,5.536972522735596,1,2019-06-21 13:23:10.139294,0 days 00:00:02.465370000,2.46537,2019-06-21 13:23:07.673924
10,CPU,128,10.0,5.5356574058532715,1,2019-06-21 13:23:12.678366,0 days 00:00:02.539072000,2.539072,2019-06-21 13:23:10.139294
11,CPU,128,11.0,5.534179210662842,1,2019-06-21 13:23:15.189073,0 days 00:00:02.510707000,2.510707,2019-06-21 13:23:12.678366
12,CPU,128,12.0,5.532503128051758,1,2019-06-21 13:23:17.725620,0 days 00:00:02.536547000,2.536547,2019-06-21 13:23:15.189073
13,CPU,128,13.0,5.530573844909668,1,2019-06-21 13:23:20.210536,0 days 00:00:02.484916000,2.484916,2019-06-21 13:23:17.725620
14,CPU,128,14.0,5.528326988220215,1,2019-06-21 13:23:22.685046,0 days 00:00:02.474510000,2.47451,2019-06-21 13:23:20.210536
15,CPU,128,15.0,5.525659084320068,1,2019-06-21 13:23:25.201008,0 days 00:00:02.515962000,2.515962,2019-06-21 13:23:22.685046
16,CPU,128,16.0,5.522433280944824,1,2019-06-21 13:23:27.684002,0 days 00:00:02.482994000,2.482994,2019-06-21 13:23:25.201008
17,CPU,128,17.0,5.518430709838867,1,2019-06-21 13:23:30.248234,0 days 00:00:02.564232000,2.564232,2019-06-21 13:23:27.684002
18,CPU,128,18.0,5.513306617736816,1,2019-06-21 13:23:32.751546,0 days 00:00:02.503312000,2.503312,2019-06-21 13:23:30.248234
19,CPU,128,19.0,5.506486892700195,1,2019-06-21 13:23:35.220239,0 days 00:00:02.468693000,2.468693,2019-06-21 13:23:32.751546
20,CPU,128,20.0,5.496896266937256,1,2019-06-21 13:23:37.719279,0 days 00:00:02.499040000,2.49904,2019-06-21 13:23:35.220239
21,CPU,128,21.0,5.482222557067871,1,2019-06-21 13:23:40.125924,0 days 00:00:02.406645000,2.406645,2019-06-21 13:23:37.719279
22,CPU,128,22.0,5.456056594848633,1,2019-06-21 13:23:42.575768,0 days 00:00:02.449844000,2.449844,2019-06-21 13:23:40.125924
23,CPU,128,23.0,5.39039945602417,1,2019-06-21 13:23:45.061614,0 days 00:00:02.485846000,2.485846,2019-06-21 13:23:42.575768
24,CPU,128,24.0,5.320191383361816,1,2019-06-21 13:23:47.549810,0 days 00:00:02.488196000,2.488196,2019-06-21 13:23:45.061614
25,CPU,128,25.0,5.299126148223877,1,2019-06-21 13:23:50.032884,0 days 00:00:02.483074000,2.483074,2019-06-21 13:23:47.549810
26,CPU,128,26.0,5.2880353927612305,1,2019-06-21 13:23:52.516596,0 days 00:00:02.483712000,2.483712,2019-06-21 13:23:50.032884
27,CPU,128,27.0,5.278959274291992,1,2019-06-21 13:23:55.003482,0 days 00:00:02.486886000,2.486886,2019-06-21 13:23:52.516596
28,CPU,128,28.0,5.270728588104248,1,2019-06-21 13:23:57.500603,0 days 00:00:02.497121000,2.497121,2019-06-21 13:23:55.003482
29,CPU,128,29.0,5.263261795043945,1,2019-06-21 13:23:59.984761,0 days 00:00:02.484158000,2.484158,2019-06-21 13:23:57.500603
30,CPU,128,30.0,5.256631374359131,1,2019-06-21 13:24:02.466275,0 days 00:00:02.481514000,2.481514,2019-06-21 13:23:59.984761
31,CPU,128,31.0,5.25071907043457,1,2019-06-21 13:24:04.911016,0 days 00:00:02.444741000,2.444741,2019-06-21 13:24:02.466275
32,CPU,128,32.0,5.2453179359436035,1,2019-06-21 13:24:07.373197,0 days 00:00:02.462181000,2.462181,2019-06-21 13:24:04.911016
33,CPU,128,33.0,5.240477561950684,1,2019-06-21 13:24:09.833203,0 days 00:00:02.460006000,2.460006,2019-06-21 13:24:07.373197
34,CPU,128,34.0,5.236123085021973,1,2019-06-21 13:24:12.323971,0 days 00:00:02.490768000,2.490768,2019-06-21 13:24:09.833203
35,CPU,128,35.0,5.232168674468994,1,2019-06-21 13:24:14.873729,0 days 00:00:02.549758000,2.549758,2019-06-21 13:24:12.323971
36,CPU,128,36.0,5.228656768798828,1,2019-06-21 13:24:17.387809,0 days 00:00:02.514080000,2.51408,2019-06-21 13:24:14.873729
37,CPU,128,37.0,5.2255988121032715,1,2019-06-21 13:24:19.908099,0 days 00:00:02.520290000,2.52029,2019-06-21 13:24:17.387809
38,CPU,128,38.0,5.2231011390686035,1,2019-06-21 13:24:22.383272,0 days 00:00:02.475173000,2.475173,2019-06-21 13:24:19.908099
39,CPU,128,39.0,5.221251487731934,1,2019-06-21 13:24:24.827390,0 days 00:00:02.444118000,2.444118,2019-06-21 13:24:22.383272
40,CPU,128,40.0,5.219985485076904,1,2019-06-21 13:24:27.322527,0 days 00:00:02.495137000,2.495137,2019-06-21 13:24:24.827390
41,CPU,128,41.0,5.219143867492676,1,2019-06-21 13:24:29.736712,0 days 00:00:02.414185000,2.414185,2019-06-21 13:24:27.322527
42,CPU,128,42.0,5.218539237976074,1,2019-06-21 13:24:32.237904,0 days 00:00:02.501192000,2.501192,2019-06-21 13:24:29.736712
43,CPU,128,43.0,5.217975616455078,1,2019-06-21 13:24:34.726965,0 days 00:00:02.489061000,2.489061,2019-06-21 13:24:32.237904
44,CPU,128,44.0,5.217306137084961,1,2019-06-21 13:24:37.176547,0 days 00:00:02.449582000,2.449582,2019-06-21 13:24:34.726965
45,CPU,128,45.0,5.216468811035156,1,2019-06-21 13:24:39.691196,0 days 00:00:02.514649000,2.514649,2019-06-21 13:24:37.176547
46,CPU,128,46.0,5.21547794342041,1,2019-06-21 13:24:42.119242,0 days 00:00:02.428046000,2.428046,2019-06-21 13:24:39.691196
47,CPU,128,47.0,5.214375019073486,1,2019-06-21 13:24:44.647894,0 days 00:00:02.528652000,2.528652,2019-06-21 13:24:42.119242
48,CPU,128,48.0,5.213250160217285,1,2019-06-21 13:24:47.160678,0 days 00:00:02.512784000,2.512784,2019-06-21 13:24:44.647894
49,CPU,128,49.0,5.212182521820068,1,2019-06-21 13:24:49.667621,0 days 00:00:02.506943000,2.506943,2019-06-21 13:24:47.160678
50,CPU,128,50.0,5.2112321853637695,1,2019-06-21 13:24:52.163040,0 days 00:00:02.495419000,2.495419,2019-06-21 13:24:49.667621
51,CPU,128,51.0,5.2104268074035645,1,2019-06-21 13:24:54.678750,0 days 00:00:02.515710000,2.51571,2019-06-21 13:24:52.163040
52,CPU,128,52.0,5.209759712219238,1,2019-06-21 13:24:57.167887,0 days 00:00:02.489137000,2.489137,2019-06-21 13:24:54.678750
53,CPU,128,53.0,5.2091965675354,1,2019-06-21 13:24:59.643217,0 days 00:00:02.475330000,2.47533,2019-06-21 13:24:57.167887
54,CPU,128,54.0,5.208693027496338,1,2019-06-21 13:25:02.202622,0 days 00:00:02.559405000,2.559405,2019-06-21 13:24:59.643217
55,CPU,128,55.0,5.208195209503174,1,2019-06-21 13:25:04.672457,0 days 00:00:02.469835000,2.469835,2019-06-21 13:25:02.202622
56,CPU,128,56.0,5.207669258117676,1,2019-06-21 13:25:07.167672,0 days 00:00:02.495215000,2.495215,2019-06-21 13:25:04.672457
57,CPU,128,57.0,5.207108974456787,1,2019-06-21 13:25:09.637984,0 days 00:00:02.470312000,2.470312,2019-06-21 13:25:07.167672
58,CPU,128,58.0,5.206509590148926,1,2019-06-21 13:25:12.110560,0 days 00:00:02.472576000,2.472576,2019-06-21 13:25:09.637984
59,CPU,128,59.0,5.205888748168945,1,2019-06-21 13:25:14.607442,0 days 00:00:02.496882000,2.496882,2019-06-21 13:25:12.110560
60,CPU,128,60.0,5.2052531242370605,1,2019-06-21 13:25:17.067004,0 days 00:00:02.459562000,2.459562,2019-06-21 13:25:14.607442
61,CPU,128,61.0,5.2046074867248535,1,2019-06-21 13:25:19.523367,0 days 00:00:02.456363000,2.456363,2019-06-21 13:25:17.067004
62,CPU,128,62.0,5.20395040512085,1,2019-06-21 13:25:21.983413,0 days 00:00:02.460046000,2.460046,2019-06-21 13:25:19.523367
63,CPU,128,63.0,5.20327091217041,1,2019-06-21 13:25:24.515476,0 days 00:00:02.532063000,2.532063,2019-06-21 13:25:21.983413
64,CPU,128,64.0,5.20257043838501,1,2019-06-21 13:25:27.020711,0 days 00:00:02.505235000,2.505235,2019-06-21 13:25:24.515476
65,CPU,128,65.0,5.201844215393066,1,2019-06-21 13:25:29.523047,0 days 00:00:02.502336000,2.502336,2019-06-21 13:25:27.020711
66,CPU,128,66.0,5.20109748840332,1,2019-06-21 13:25:31.975208,0 days 00:00:02.452161000,2.452161,2019-06-21 13:25:29.523047
67,CPU,128,67.0,5.200343132019043,1,2019-06-21 13:25:34.501354,0 days 00:00:02.526146000,2.526146,2019-06-21 13:25:31.975208
68,CPU,128,68.0,5.199588775634766,1,2019-06-21 13:25:36.973309,0 days 00:00:02.471955000,2.471955,2019-06-21 13:25:34.501354
69,CPU,128,69.0,5.198843955993652,1,2019-06-21 13:25:39.501761,0 days 00:00:02.528452000,2.528452,2019-06-21 13:25:36.973309
70,CPU,128,70.0,5.198104381561279,1,2019-06-21 13:25:42.020586,0 days 00:00:02.518825000,2.518825,2019-06-21 13:25:39.501761
71,CPU,128,71.0,5.19736385345459,1,2019-06-21 13:25:44.645419,0 days 00:00:02.624833000,2.624833,2019-06-21 13:25:42.020586
72,CPU,128,72.0,5.196610450744629,1,2019-06-21 13:25:47.171852,0 days 00:00:02.526433000,2.526433,2019-06-21 13:25:44.645419
73,CPU,128,73.0,5.195828914642334,1,2019-06-21 13:25:49.636039,0 days 00:00:02.464187000,2.464187,2019-06-21 13:25:47.171852
74,CPU,128,74.0,5.195002555847168,1,2019-06-21 13:25:52.155805,0 days 00:00:02.519766000,2.519766,2019-06-21 13:25:49.636039
75,CPU,128,75.0,5.194117069244385,1,2019-06-21 13:25:54.681615,0 days 00:00:02.525810000,2.52581,2019-06-21 13:25:52.155805
76,CPU,128,76.0,5.193156719207764,1,2019-06-21 13:25:57.151292,0 days 00:00:02.469677000,2.469677,2019-06-21 13:25:54.681615
77,CPU,128,77.0,5.192114353179932,1,2019-06-21 13:25:59.634532,0 days 00:00:02.483240000,2.48324,2019-06-21 13:25:57.151292
78,CPU,128,78.0,5.190975666046143,1,2019-06-21 13:26:02.138144,0 days 00:00:02.503612000,2.503612,2019-06-21 13:25:59.634532
79,CPU,128,79.0,5.189734935760498,1,2019-06-21 13:26:04.672110,0 days 00:00:02.533966000,2.533966,2019-06-21 13:26:02.138144
80,CPU,128,80.0,5.1883745193481445,1,2019-06-21 13:26:07.238213,0 days 00:00:02.566103000,2.566103,2019-06-21 13:26:04.672110
81,CPU,128,81.0,5.186882495880127,1,2019-06-21 13:26:09.754979,0 days 00:00:02.516766000,2.516766,2019-06-21 13:26:07.238213
82,CPU,128,82.0,5.185239315032959,1,2019-06-21 13:26:12.235760,0 days 00:00:02.480781000,2.480781,2019-06-21 13:26:09.754979
83,CPU,128,83.0,5.183427333831787,1,2019-06-21 13:26:14.709638,0 days 00:00:02.473878000,2.473878,2019-06-21 13:26:12.235760
84,CPU,128,84.0,5.181424617767334,1,2019-06-21 13:26:17.195654,0 days 00:00:02.486016000,2.486016,2019-06-21 13:26:14.709638
85,CPU,128,85.0,5.179216384887695,1,2019-06-21 13:26:19.685551,0 days 00:00:02.489897000,2.489897,2019-06-21 13:26:17.195654
86,CPU,128,86.0,5.1767802238464355,1,2019-06-21 13:26:22.208757,0 days 00:00:02.523206000,2.523206,2019-06-21 13:26:19.685551
87,CPU,128,87.0,5.174103736877441,1,2019-06-21 13:26:24.716346,0 days 00:00:02.507589000,2.507589,2019-06-21 13:26:22.208757
88,CPU,128,88.0,5.171168804168701,1,2019-06-21 13:26:27.160818,0 days 00:00:02.444472000,2.444472,2019-06-21 13:26:24.716346
89,CPU,128,89.0,5.167966842651367,1,2019-06-21 13:26:29.615815,0 days 00:00:02.454997000,2.454997,2019-06-21 13:26:27.160818
90,CPU,128,90.0,5.164480686187744,1,2019-06-21 13:26:32.168504,0 days 00:00:02.552689000,2.552689,2019-06-21 13:26:29.615815
91,CPU,128,91.0,5.160694122314453,1,2019-06-21 13:26:34.713189,0 days 00:00:02.544685000,2.544685,2019-06-21 13:26:32.168504
92,CPU,128,92.0,5.156600475311279,1,2019-06-21 13:26:37.191915,0 days 00:00:02.478726000,2.478726,2019-06-21 13:26:34.713189
93,CPU,128,93.0,5.152183532714844,1,2019-06-21 13:26:39.620950,0 days 00:00:02.429035000,2.429035,2019-06-21 13:26:37.191915
94,CPU,128,94.0,5.147426605224609,1,2019-06-21 13:26:42.077556,0 days 00:00:02.456606000,2.456606,2019-06-21 13:26:39.620950
95,CPU,128,95.0,5.142310619354248,1,2019-06-21 13:26:44.551498,0 days 00:00:02.473942000,2.473942,2019-06-21 13:26:42.077556
96,CPU,128,96.0,5.136832237243652,1,2019-06-21 13:26:47.039351,0 days 00:00:02.487853000,2.487853,2019-06-21 13:26:44.551498
97,CPU,128,97.0,5.130988121032715,1,2019-06-21 13:26:49.501659,0 days 00:00:02.462308000,2.462308,2019-06-21 13:26:47.039351
98,CPU,128,98.0,5.124771595001221,1,2019-06-21 13:26:51.973225,0 days 00:00:02.471566000,2.471566,2019-06-21 13:26:49.501659
99,CPU,128,99.0,5.118184566497803,1,2019-06-21 13:26:54.462609,0 days 00:00:02.489384000,2.489384,2019-06-21 13:26:51.973225
0,CPU,256,0.0,5.545107364654541,1,2019-06-21 13:26:58.358488,,,
1,CPU,256,1.0,5.544339656829834,1,2019-06-21 13:27:00.979680,0 days 00:00:02.621192000,2.621192,2019-06-21 13:26:58.358488
2,CPU,256,2.0,5.543530464172363,1,2019-06-21 13:27:03.179532,0 days 00:00:02.199852000,2.199852,2019-06-21 13:27:00.979680
3,CPU,256,3.0,5.542632102966309,1,2019-06-21 13:27:05.730204,0 days 00:00:02.550672000,2.550672,2019-06-21 13:27:03.179532
4,CPU,256,4.0,5.541620254516602,1,2019-06-21 13:27:08.404520,0 days 00:00:02.674316000,2.674316,2019-06-21 13:27:05.730204
5,CPU,256,5.0,5.540445327758789,1,2019-06-21 13:27:11.063645,0 days 00:00:02.659125000,2.659125,2019-06-21 13:27:08.404520
6,CPU,256,6.0,5.539067268371582,1,2019-06-21 13:27:13.720441,0 days 00:00:02.656796000,2.656796,2019-06-21 13:27:11.063645
7,CPU,256,7.0,5.537407398223877,1,2019-06-21 13:27:16.370560,0 days 00:00:02.650119000,2.650119,2019-06-21 13:27:13.720441
8,CPU,256,8.0,5.535357475280762,1,2019-06-21 13:27:19.043816,0 days 00:00:02.673256000,2.673256,2019-06-21 13:27:16.370560
9,CPU,256,9.0,5.53274393081665,1,2019-06-21 13:27:21.657439,0 days 00:00:02.613623000,2.613623,2019-06-21 13:27:19.043816
10,CPU,256,10.0,5.529272556304932,1,2019-06-21 13:27:24.278982,0 days 00:00:02.621543000,2.621543,2019-06-21 13:27:21.657439
11,CPU,256,11.0,5.5244011878967285,1,2019-06-21 13:27:26.953948,0 days 00:00:02.674966000,2.674966,2019-06-21 13:27:24.278982
12,CPU,256,12.0,5.517000675201416,1,2019-06-21 13:27:29.582741,0 days 00:00:02.628793000,2.628793,2019-06-21 13:27:26.953948
13,CPU,256,13.0,5.504195213317871,1,2019-06-21 13:27:32.229876,0 days 00:00:02.647135000,2.647135,2019-06-21 13:27:29.582741
14,CPU,256,14.0,5.475062370300293,1,2019-06-21 13:27:34.880669,0 days 00:00:02.650793000,2.650793,2019-06-21 13:27:32.229876
15,CPU,256,15.0,5.356063365936279,1,2019-06-21 13:27:37.548959,0 days 00:00:02.668290000,2.66829,2019-06-21 13:27:34.880669
16,CPU,256,16.0,5.315672397613525,1,2019-06-21 13:27:40.156478,0 days 00:00:02.607519000,2.607519,2019-06-21 13:27:37.548959
17,CPU,256,17.0,5.299048900604248,1,2019-06-21 13:27:42.786600,0 days 00:00:02.630122000,2.630122,2019-06-21 13:27:40.156478
18,CPU,256,18.0,5.28218936920166,1,2019-06-21 13:27:45.461209,0 days 00:00:02.674609000,2.674609,2019-06-21 13:27:42.786600
19,CPU,256,19.0,5.267061710357666,1,2019-06-21 13:27:48.138732,0 days 00:00:02.677523000,2.677523,2019-06-21 13:27:45.461209
20,CPU,256,20.0,5.255062580108643,1,2019-06-21 13:27:50.786657,0 days 00:00:02.647925000,2.647925,2019-06-21 13:27:48.138732
21,CPU,256,21.0,5.246290683746338,1,2019-06-21 13:27:53.435718,0 days 00:00:02.649061000,2.649061,2019-06-21 13:27:50.786657
22,CPU,256,22.0,5.240233421325684,1,2019-06-21 13:27:56.084372,0 days 00:00:02.648654000,2.648654,2019-06-21 13:27:53.435718
23,CPU,256,23.0,5.2360053062438965,1,2019-06-21 13:27:58.761667,0 days 00:00:02.677295000,2.677295,2019-06-21 13:27:56.084372
24,CPU,256,24.0,5.232510566711426,1,2019-06-21 13:28:01.401097,0 days 00:00:02.639430000,2.63943,2019-06-21 13:27:58.761667
25,CPU,256,25.0,5.229143142700195,1,2019-06-21 13:28:04.069472,0 days 00:00:02.668375000,2.668375,2019-06-21 13:28:01.401097
26,CPU,256,26.0,5.2260613441467285,1,2019-06-21 13:28:06.754748,0 days 00:00:02.685276000,2.685276,2019-06-21 13:28:04.069472
27,CPU,256,27.0,5.223765850067139,1,2019-06-21 13:28:09.411946,0 days 00:00:02.657198000,2.657198,2019-06-21 13:28:06.754748
28,CPU,256,28.0,5.222398281097412,1,2019-06-21 13:28:12.055294,0 days 00:00:02.643348000,2.643348,2019-06-21 13:28:09.411946
29,CPU,256,29.0,5.221681118011475,1,2019-06-21 13:28:14.705574,0 days 00:00:02.650280000,2.65028,2019-06-21 13:28:12.055294
30,CPU,256,30.0,5.221089839935303,1,2019-06-21 13:28:17.347415,0 days 00:00:02.641841000,2.641841,2019-06-21 13:28:14.705574
31,CPU,256,31.0,5.220150470733643,1,2019-06-21 13:28:19.994325,0 days 00:00:02.646910000,2.64691,2019-06-21 13:28:17.347415
32,CPU,256,32.0,5.218630790710449,1,2019-06-21 13:28:22.655616,0 days 00:00:02.661291000,2.661291,2019-06-21 13:28:19.994325
33,CPU,256,33.0,5.216588020324707,1,2019-06-21 13:28:25.312507,0 days 00:00:02.656891000,2.656891,2019-06-21 13:28:22.655616
34,CPU,256,34.0,5.214289665222168,1,2019-06-21 13:28:27.974943,0 days 00:00:02.662436000,2.662436,2019-06-21 13:28:25.312507
35,CPU,256,35.0,5.2120537757873535,1,2019-06-21 13:28:30.622679,0 days 00:00:02.647736000,2.647736,2019-06-21 13:28:27.974943
36,CPU,256,36.0,5.210148334503174,1,2019-06-21 13:28:33.288254,0 days 00:00:02.665575000,2.665575,2019-06-21 13:28:30.622679
37,CPU,256,37.0,5.208732604980469,1,2019-06-21 13:28:35.978165,0 days 00:00:02.689911000,2.689911,2019-06-21 13:28:33.288254
38,CPU,256,38.0,5.2078166007995605,1,2019-06-21 13:28:38.661927,0 days 00:00:02.683762000,2.683762,2019-06-21 13:28:35.978165
39,CPU,256,39.0,5.207221508026123,1,2019-06-21 13:28:41.298809,0 days 00:00:02.636882000,2.636882,2019-06-21 13:28:38.661927
40,CPU,256,40.0,5.206737518310547,1,2019-06-21 13:28:43.946758,0 days 00:00:02.647949000,2.647949,2019-06-21 13:28:41.298809
41,CPU,256,41.0,5.206161975860596,1,2019-06-21 13:28:46.590552,0 days 00:00:02.643794000,2.643794,2019-06-21 13:28:43.946758
42,CPU,256,42.0,5.205390453338623,1,2019-06-21 13:28:49.319319,0 days 00:00:02.728767000,2.728767,2019-06-21 13:28:46.590552
43,CPU,256,43.0,5.204439640045166,1,2019-06-21 13:28:51.987083,0 days 00:00:02.667764000,2.667764,2019-06-21 13:28:49.319319
44,CPU,256,44.0,5.203412055969238,1,2019-06-21 13:28:54.628315,0 days 00:00:02.641232000,2.641232,2019-06-21 13:28:51.987083
45,CPU,256,45.0,5.202437400817871,1,2019-06-21 13:28:57.258942,0 days 00:00:02.630627000,2.630627,2019-06-21 13:28:54.628315
46,CPU,256,46.0,5.201592922210693,1,2019-06-21 13:28:59.920565,0 days 00:00:02.661623000,2.661623,2019-06-21 13:28:57.258942
47,CPU,256,47.0,5.200925350189209,1,2019-06-21 13:29:02.574370,0 days 00:00:02.653805000,2.653805,2019-06-21 13:28:59.920565
48,CPU,256,48.0,5.200413703918457,1,2019-06-21 13:29:05.235107,0 days 00:00:02.660737000,2.660737,2019-06-21 13:29:02.574370
49,CPU,256,49.0,5.199983596801758,1,2019-06-21 13:29:07.895171,0 days 00:00:02.660064000,2.660064,2019-06-21 13:29:05.235107
50,CPU,256,50.0,5.199573040008545,1,2019-06-21 13:29:10.524275,0 days 00:00:02.629104000,2.629104,2019-06-21 13:29:07.895171
51,CPU,256,51.0,5.199132442474365,1,2019-06-21 13:29:13.128891,0 days 00:00:02.604616000,2.604616,2019-06-21 13:29:10.524275
52,CPU,256,52.0,5.198630332946777,1,2019-06-21 13:29:15.762936,0 days 00:00:02.634045000,2.634045,2019-06-21 13:29:13.128891
53,CPU,256,53.0,5.198051452636719,1,2019-06-21 13:29:18.416864,0 days 00:00:02.653928000,2.653928,2019-06-21 13:29:15.762936
54,CPU,256,54.0,5.1974029541015625,1,2019-06-21 13:29:21.024777,0 days 00:00:02.607913000,2.607913,2019-06-21 13:29:18.416864
55,CPU,256,55.0,5.196683883666992,1,2019-06-21 13:29:23.653721,0 days 00:00:02.628944000,2.628944,2019-06-21 13:29:21.024777
56,CPU,256,56.0,5.195887565612793,1,2019-06-21 13:29:26.276160,0 days 00:00:02.622439000,2.622439,2019-06-21 13:29:23.653721
57,CPU,256,57.0,5.195005416870117,1,2019-06-21 13:29:28.902280,0 days 00:00:02.626120000,2.62612,2019-06-21 13:29:26.276160
58,CPU,256,58.0,5.19403600692749,1,2019-06-21 13:29:31.526365,0 days 00:00:02.624085000,2.624085,2019-06-21 13:29:28.902280
59,CPU,256,59.0,5.192979335784912,1,2019-06-21 13:29:34.153105,0 days 00:00:02.626740000,2.62674,2019-06-21 13:29:31.526365
60,CPU,256,60.0,5.191840648651123,1,2019-06-21 13:29:36.781510,0 days 00:00:02.628405000,2.628405,2019-06-21 13:29:34.153105
61,CPU,256,61.0,5.190619945526123,1,2019-06-21 13:29:39.431478,0 days 00:00:02.649968000,2.649968,2019-06-21 13:29:36.781510
62,CPU,256,62.0,5.189316272735596,1,2019-06-21 13:29:42.104806,0 days 00:00:02.673328000,2.673328,2019-06-21 13:29:39.431478
63,CPU,256,63.0,5.187916278839111,1,2019-06-21 13:29:44.804853,0 days 00:00:02.700047000,2.700047,2019-06-21 13:29:42.104806
64,CPU,256,64.0,5.186391830444336,1,2019-06-21 13:29:47.443171,0 days 00:00:02.638318000,2.638318,2019-06-21 13:29:44.804853
65,CPU,256,65.0,5.184711933135986,1,2019-06-21 13:29:50.106999,0 days 00:00:02.663828000,2.663828,2019-06-21 13:29:47.443171
66,CPU,256,66.0,5.182823181152344,1,2019-06-21 13:29:52.745282,0 days 00:00:02.638283000,2.638283,2019-06-21 13:29:50.106999
67,CPU,256,67.0,5.18071174621582,1,2019-06-21 13:29:55.415272,0 days 00:00:02.669990000,2.66999,2019-06-21 13:29:52.745282
68,CPU,256,68.0,5.178407192230225,1,2019-06-21 13:29:58.096060,0 days 00:00:02.680788000,2.680788,2019-06-21 13:29:55.415272
69,CPU,256,69.0,5.1756815910339355,1,2019-06-21 13:30:00.736519,0 days 00:00:02.640459000,2.640459,2019-06-21 13:29:58.096060
70,CPU,256,70.0,5.172719955444336,1,2019-06-21 13:30:03.392958,0 days 00:00:02.656439000,2.656439,2019-06-21 13:30:00.736519
71,CPU,256,71.0,5.169442653656006,1,2019-06-21 13:30:06.054035,0 days 00:00:02.661077000,2.661077,2019-06-21 13:30:03.392958
72,CPU,256,72.0,5.165828227996826,1,2019-06-21 13:30:08.681762,0 days 00:00:02.627727000,2.627727,2019-06-21 13:30:06.054035
73,CPU,256,73.0,5.161810398101807,1,2019-06-21 13:30:11.345312,0 days 00:00:02.663550000,2.66355,2019-06-21 13:30:08.681762
74,CPU,256,74.0,5.157356262207031,1,2019-06-21 13:30:14.008492,0 days 00:00:02.663180000,2.66318,2019-06-21 13:30:11.345312
75,CPU,256,75.0,5.152398586273193,1,2019-06-21 13:30:16.624312,0 days 00:00:02.615820000,2.61582,2019-06-21 13:30:14.008492
76,CPU,256,76.0,5.146889686584473,1,2019-06-21 13:30:19.253547,0 days 00:00:02.629235000,2.629235,2019-06-21 13:30:16.624312
77,CPU,256,77.0,5.140780448913574,1,2019-06-21 13:30:21.946169,0 days 00:00:02.692622000,2.692622,2019-06-21 13:30:19.253547
78,CPU,256,78.0,5.133999824523926,1,2019-06-21 13:30:24.592209,0 days 00:00:02.646040000,2.64604,2019-06-21 13:30:21.946169
79,CPU,256,79.0,5.126501560211182,1,2019-06-21 13:30:26.998668,0 days 00:00:02.406459000,2.406459,2019-06-21 13:30:24.592209
80,CPU,256,80.0,5.118283271789551,1,2019-06-21 13:30:29.570113,0 days 00:00:02.571445000,2.571445,2019-06-21 13:30:26.998668
81,CPU,256,81.0,5.1091132164001465,1,2019-06-21 13:30:32.181384,0 days 00:00:02.611271000,2.611271,2019-06-21 13:30:29.570113
82,CPU,256,82.0,5.099032402038574,1,2019-06-21 13:30:34.838439,0 days 00:00:02.657055000,2.657055,2019-06-21 13:30:32.181384
83,CPU,256,83.0,5.087879180908203,1,2019-06-21 13:30:37.517126,0 days 00:00:02.678687000,2.678687,2019-06-21 13:30:34.838439
84,CPU,256,84.0,5.075404167175293,1,2019-06-21 13:30:40.169498,0 days 00:00:02.652372000,2.652372,2019-06-21 13:30:37.517126
85,CPU,256,85.0,5.061341762542725,1,2019-06-21 13:30:42.815333,0 days 00:00:02.645835000,2.645835,2019-06-21 13:30:40.169498
86,CPU,256,86.0,5.045597553253174,1,2019-06-21 13:30:45.435958,0 days 00:00:02.620625000,2.620625,2019-06-21 13:30:42.815333
87,CPU,256,87.0,5.028083801269531,1,2019-06-21 13:30:48.066860,0 days 00:00:02.630902000,2.630902,2019-06-21 13:30:45.435958
88,CPU,256,88.0,5.008894920349121,1,2019-06-21 13:30:50.702647,0 days 00:00:02.635787000,2.635787,2019-06-21 13:30:48.066860
89,CPU,256,89.0,4.988206386566162,1,2019-06-21 13:30:53.317841,0 days 00:00:02.615194000,2.615194,2019-06-21 13:30:50.702647
90,CPU,256,90.0,4.966124057769775,1,2019-06-21 13:30:55.948666,0 days 00:00:02.630825000,2.630825,2019-06-21 13:30:53.317841
91,CPU,256,91.0,4.942856311798096,1,2019-06-21 13:30:58.607099,0 days 00:00:02.658433000,2.658433,2019-06-21 13:30:55.948666
92,CPU,256,92.0,4.919187545776367,1,2019-06-21 13:31:01.274283,0 days 00:00:02.667184000,2.667184,2019-06-21 13:30:58.607099
93,CPU,256,93.0,4.894974231719971,1,2019-06-21 13:31:03.919747,0 days 00:00:02.645464000,2.645464,2019-06-21 13:31:01.274283
94,CPU,256,94.0,4.8708038330078125,1,2019-06-21 13:31:06.575233,0 days 00:00:02.655486000,2.655486,2019-06-21 13:31:03.919747
95,CPU,256,95.0,4.846853733062744,1,2019-06-21 13:31:09.248694,0 days 00:00:02.673461000,2.673461,2019-06-21 13:31:06.575233
96,CPU,256,96.0,4.8226823806762695,1,2019-06-21 13:31:11.907524,0 days 00:00:02.658830000,2.65883,2019-06-21 13:31:09.248694
97,CPU,256,97.0,4.798598766326904,1,2019-06-21 13:31:14.538195,0 days 00:00:02.630671000,2.630671,2019-06-21 13:31:11.907524
98,CPU,256,98.0,4.775188446044922,1,2019-06-21 13:31:17.155882,0 days 00:00:02.617687000,2.617687,2019-06-21 13:31:14.538195
99,CPU,256,99.0,5.5334930419921875,1,2019-06-21 13:31:19.785001,0 days 00:00:02.629119000,2.629119,2019-06-21 13:31:17.155882
0,CPU,1024,0.0,5.545526504516602,1,2019-06-21 13:31:28.644906,,,
1,CPU,1024,1.0,5.543402671813965,1,2019-06-21 13:31:35.892995,0 days 00:00:07.248089000,7.248089,2019-06-21 13:31:28.644906
2,CPU,1024,2.0,5.540573596954346,1,2019-06-21 13:31:43.071033,0 days 00:00:07.178038000,7.178038,2019-06-21 13:31:35.892995
3,CPU,1024,3.0,5.535772323608398,1,2019-06-21 13:31:50.175179,0 days 00:00:07.104146000,7.104146,2019-06-21 13:31:43.071033
4,CPU,1024,4.0,5.526289463043213,1,2019-06-21 13:31:57.399065,0 days 00:00:07.223886000,7.223886,2019-06-21 13:31:50.175179
5,CPU,1024,5.0,5.50063943862915,1,2019-06-21 13:32:04.673098,0 days 00:00:07.274033000,7.274033,2019-06-21 13:31:57.399065
6,CPU,1024,6.0,5.291900157928467,1,2019-06-21 13:32:11.840925,0 days 00:00:07.167827000,7.167827,2019-06-21 13:32:04.673098
7,CPU,1024,7.0,5.373827934265137,1,2019-06-21 13:32:19.127247,0 days 00:00:07.286322000,7.286322,2019-06-21 13:32:11.840925
8,CPU,1024,8.0,5.2708821296691895,1,2019-06-21 13:32:26.317104,0 days 00:00:07.189857000,7.189857,2019-06-21 13:32:19.127247
9,CPU,1024,9.0,5.235926628112793,1,2019-06-21 13:32:33.492995,0 days 00:00:07.175891000,7.175891,2019-06-21 13:32:26.317104
10,CPU,1024,10.0,5.1978068351745605,1,2019-06-21 13:32:40.745273,0 days 00:00:07.252278000,7.252278,2019-06-21 13:32:33.492995
11,CPU,1024,11.0,5.2014851570129395,1,2019-06-21 13:32:47.944937,0 days 00:00:07.199664000,7.199664,2019-06-21 13:32:40.745273
12,CPU,1024,12.0,5.182201862335205,1,2019-06-21 13:32:55.162449,0 days 00:00:07.217512000,7.217512,2019-06-21 13:32:47.944937
13,CPU,1024,13.0,5.149010181427002,1,2019-06-21 13:33:02.388251,0 days 00:00:07.225802000,7.225802,2019-06-21 13:32:55.162449
14,CPU,1024,14.0,5.130984306335449,1,2019-06-21 13:33:09.676102,0 days 00:00:07.287851000,7.287851,2019-06-21 13:33:02.388251
15,CPU,1024,15.0,5.182574272155762,1,2019-06-21 13:33:16.859079,0 days 00:00:07.182977000,7.182977,2019-06-21 13:33:09.676102
16,CPU,1024,16.0,5.1456074714660645,1,2019-06-21 13:33:24.080634,0 days 00:00:07.221555000,7.221555,2019-06-21 13:33:16.859079
17,CPU,1024,17.0,5.087883472442627,1,2019-06-21 13:33:31.390831,0 days 00:00:07.310197000,7.310197,2019-06-21 13:33:24.080634
18,CPU,1024,18.0,5.076490879058838,1,2019-06-21 13:33:38.617051,0 days 00:00:07.226220000,7.22622,2019-06-21 13:33:31.390831
19,CPU,1024,19.0,5.068049907684326,1,2019-06-21 13:33:45.817293,0 days 00:00:07.200242000,7.200242,2019-06-21 13:33:38.617051
20,CPU,1024,20.0,5.022320747375488,1,2019-06-21 13:33:52.999762,0 days 00:00:07.182469000,7.182469,2019-06-21 13:33:45.817293
21,CPU,1024,21.0,4.9892168045043945,1,2019-06-21 13:34:00.224747,0 days 00:00:07.224985000,7.224985,2019-06-21 13:33:52.999762
22,CPU,1024,22.0,4.9619951248168945,1,2019-06-21 13:34:07.519142,0 days 00:00:07.294395000,7.294395,2019-06-21 13:34:00.224747
23,CPU,1024,23.0,4.914893627166748,1,2019-06-21 13:34:14.605923,0 days 00:00:07.086781000,7.086781,2019-06-21 13:34:07.519142
24,CPU,1024,24.0,4.895519256591797,1,2019-06-21 13:34:21.829560,0 days 00:00:07.223637000,7.223637,2019-06-21 13:34:14.605923
25,CPU,1024,25.0,4.879612445831299,1,2019-06-21 13:34:28.982251,0 days 00:00:07.152691000,7.152691,2019-06-21 13:34:21.829560
26,CPU,1024,26.0,4.84445333480835,1,2019-06-21 13:34:36.189172,0 days 00:00:07.206921000,7.206921,2019-06-21 13:34:28.982251
27,CPU,1024,27.0,4.8132548332214355,1,2019-06-21 13:34:43.458591,0 days 00:00:07.269419000,7.269419,2019-06-21 13:34:36.189172
28,CPU,1024,28.0,4.778626918792725,1,2019-06-21 13:34:50.688476,0 days 00:00:07.229885000,7.229885,2019-06-21 13:34:43.458591
29,CPU,1024,29.0,4.747114181518555,1,2019-06-21 13:34:57.907176,0 days 00:00:07.218700000,7.2187,2019-06-21 13:34:50.688476
30,CPU,1024,30.0,4.722014427185059,1,2019-06-21 13:35:05.099827,0 days 00:00:07.192651000,7.192651,2019-06-21 13:34:57.907176
31,CPU,1024,31.0,4.696895599365234,1,2019-06-21 13:35:12.390877,0 days 00:00:07.291050000,7.29105,2019-06-21 13:35:05.099827
32,CPU,1024,32.0,4.667240619659424,1,2019-06-21 13:35:19.603708,0 days 00:00:07.212831000,7.212831,2019-06-21 13:35:12.390877
33,CPU,1024,33.0,4.635290622711182,1,2019-06-21 13:35:26.733146,0 days 00:00:07.129438000,7.129438,2019-06-21 13:35:19.603708
34,CPU,1024,34.0,4.604321002960205,1,2019-06-21 13:35:34.048491,0 days 00:00:07.315345000,7.315345,2019-06-21 13:35:26.733146
35,CPU,1024,35.0,4.573034286499023,1,2019-06-21 13:35:41.249585,0 days 00:00:07.201094000,7.201094,2019-06-21 13:35:34.048491
36,CPU,1024,36.0,4.540672302246094,1,2019-06-21 13:35:48.486232,0 days 00:00:07.236647000,7.236647,2019-06-21 13:35:41.249585
37,CPU,1024,37.0,4.509642124176025,1,2019-06-21 13:35:55.716489,0 days 00:00:07.230257000,7.230257,2019-06-21 13:35:48.486232
38,CPU,1024,38.0,4.478670597076416,1,2019-06-21 13:36:02.963049,0 days 00:00:07.246560000,7.24656,2019-06-21 13:35:55.716489
39,CPU,1024,39.0,4.447145462036133,1,2019-06-21 13:36:10.205822,0 days 00:00:07.242773000,7.242773,2019-06-21 13:36:02.963049
40,CPU,1024,40.0,4.417835235595703,1,2019-06-21 13:36:17.454262,0 days 00:00:07.248440000,7.24844,2019-06-21 13:36:10.205822
41,CPU,1024,41.0,4.388199806213379,1,2019-06-21 13:36:24.711135,0 days 00:00:07.256873000,7.256873,2019-06-21 13:36:17.454262
42,CPU,1024,42.0,4.382872104644775,1,2019-06-21 13:36:32.043926,0 days 00:00:07.332791000,7.332791,2019-06-21 13:36:24.711135
43,CPU,1024,43.0,4.495785713195801,1,2019-06-21 13:36:39.233443,0 days 00:00:07.189517000,7.189517,2019-06-21 13:36:32.043926
44,CPU,1024,44.0,4.362483024597168,1,2019-06-21 13:36:46.449123,0 days 00:00:07.215680000,7.21568,2019-06-21 13:36:39.233443
45,CPU,1024,45.0,4.3586249351501465,1,2019-06-21 13:36:53.560509,0 days 00:00:07.111386000,7.111386,2019-06-21 13:36:46.449123
46,CPU,1024,46.0,4.294349670410156,1,2019-06-21 13:37:00.818582,0 days 00:00:07.258073000,7.258073,2019-06-21 13:36:53.560509
47,CPU,1024,47.0,4.310364246368408,1,2019-06-21 13:37:07.980559,0 days 00:00:07.161977000,7.161977,2019-06-21 13:37:00.818582
48,CPU,1024,48.0,4.225008964538574,1,2019-06-21 13:37:15.266395,0 days 00:00:07.285836000,7.285836,2019-06-21 13:37:07.980559
49,CPU,1024,49.0,4.2611308097839355,1,2019-06-21 13:37:22.486732,0 days 00:00:07.220337000,7.220337,2019-06-21 13:37:15.266395
50,CPU,1024,50.0,4.190478324890137,1,2019-06-21 13:37:29.660505,0 days 00:00:07.173773000,7.173773,2019-06-21 13:37:22.486732
51,CPU,1024,51.0,4.184484481811523,1,2019-06-21 13:37:36.969327,0 days 00:00:07.308822000,7.308822,2019-06-21 13:37:29.660505
52,CPU,1024,52.0,4.17376184463501,1,2019-06-21 13:37:44.266370,0 days 00:00:07.297043000,7.297043,2019-06-21 13:37:36.969327
53,CPU,1024,53.0,4.124866008758545,1,2019-06-21 13:37:51.388758,0 days 00:00:07.122388000,7.122388,2019-06-21 13:37:44.266370
54,CPU,1024,54.0,4.2121052742004395,1,2019-06-21 13:37:58.586961,0 days 00:00:07.198203000,7.198203,2019-06-21 13:37:51.388758
55,CPU,1024,55.0,4.41664457321167,1,2019-06-21 13:38:05.742296,0 days 00:00:07.155335000,7.155335,2019-06-21 13:37:58.586961
56,CPU,1024,56.0,4.127837657928467,1,2019-06-21 13:38:12.950068,0 days 00:00:07.207772000,7.207772,2019-06-21 13:38:05.742296
57,CPU,1024,57.0,4.393620014190674,1,2019-06-21 13:38:20.145561,0 days 00:00:07.195493000,7.195493,2019-06-21 13:38:12.950068
58,CPU,1024,58.0,4.0867085456848145,1,2019-06-21 13:38:27.411931,0 days 00:00:07.266370000,7.26637,2019-06-21 13:38:20.145561
59,CPU,1024,59.0,4.196008682250977,1,2019-06-21 13:38:34.662583,0 days 00:00:07.250652000,7.250652,2019-06-21 13:38:27.411931
60,CPU,1024,60.0,4.16865348815918,1,2019-06-21 13:38:41.875062,0 days 00:00:07.212479000,7.212479,2019-06-21 13:38:34.662583
61,CPU,1024,61.0,4.042665481567383,1,2019-06-21 13:38:49.163757,0 days 00:00:07.288695000,7.288695,2019-06-21 13:38:41.875062
62,CPU,1024,62.0,4.1338911056518555,1,2019-06-21 13:38:56.457105,0 days 00:00:07.293348000,7.293348,2019-06-21 13:38:49.163757
63,CPU,1024,63.0,4.063098430633545,1,2019-06-21 13:39:03.644732,0 days 00:00:07.187627000,7.187627,2019-06-21 13:38:56.457105
64,CPU,1024,64.0,4.0383405685424805,1,2019-06-21 13:39:10.849169,0 days 00:00:07.204437000,7.204437,2019-06-21 13:39:03.644732
65,CPU,1024,65.0,4.054000377655029,1,2019-06-21 13:39:18.087369,0 days 00:00:07.238200000,7.2382,2019-06-21 13:39:10.849169
66,CPU,1024,66.0,4.032188415527344,1,2019-06-21 13:39:25.242771,0 days 00:00:07.155402000,7.155402,2019-06-21 13:39:18.087369
67,CPU,1024,67.0,3.997121572494507,1,2019-06-21 13:39:32.411693,0 days 00:00:07.168922000,7.168922,2019-06-21 13:39:25.242771
68,CPU,1024,68.0,3.980403423309326,1,2019-06-21 13:39:39.647599,0 days 00:00:07.235906000,7.235906,2019-06-21 13:39:32.411693
69,CPU,1024,69.0,3.9825875759124756,1,2019-06-21 13:39:46.854446,0 days 00:00:07.206847000,7.206847,2019-06-21 13:39:39.647599
70,CPU,1024,70.0,3.9562978744506836,1,2019-06-21 13:39:54.105861,0 days 00:00:07.251415000,7.251415,2019-06-21 13:39:46.854446
71,CPU,1024,71.0,3.929244041442871,1,2019-06-21 13:40:01.298097,0 days 00:00:07.192236000,7.192236,2019-06-21 13:39:54.105861
72,CPU,1024,72.0,3.918705940246582,1,2019-06-21 13:40:08.513669,0 days 00:00:07.215572000,7.215572,2019-06-21 13:40:01.298097
73,CPU,1024,73.0,3.904614210128784,1,2019-06-21 13:40:15.696830,0 days 00:00:07.183161000,7.183161,2019-06-21 13:40:08.513669
74,CPU,1024,74.0,3.876460075378418,1,2019-06-21 13:40:22.926591,0 days 00:00:07.229761000,7.229761,2019-06-21 13:40:15.696830
75,CPU,1024,75.0,3.8652055263519287,1,2019-06-21 13:40:30.173486,0 days 00:00:07.246895000,7.246895,2019-06-21 13:40:22.926591
76,CPU,1024,76.0,3.8637020587921143,1,2019-06-21 13:40:37.359907,0 days 00:00:07.186421000,7.186421,2019-06-21 13:40:30.173486
77,CPU,1024,77.0,3.8298826217651367,1,2019-06-21 13:40:44.581056,0 days 00:00:07.221149000,7.221149,2019-06-21 13:40:37.359907
78,CPU,1024,78.0,3.822188377380371,1,2019-06-21 13:40:51.869729,0 days 00:00:07.288673000,7.288673,2019-06-21 13:40:44.581056
79,CPU,1024,79.0,3.8154258728027344,1,2019-06-21 13:40:59.132981,0 days 00:00:07.263252000,7.263252,2019-06-21 13:40:51.869729
80,CPU,1024,80.0,3.782167911529541,1,2019-06-21 13:41:06.358088,0 days 00:00:07.225107000,7.225107,2019-06-21 13:40:59.132981
81,CPU,1024,81.0,3.7818827629089355,1,2019-06-21 13:41:13.397644,0 days 00:00:07.039556000,7.039556,2019-06-21 13:41:06.358088
82,CPU,1024,82.0,3.763326644897461,1,2019-06-21 13:41:20.605037,0 days 00:00:07.207393000,7.207393,2019-06-21 13:41:13.397644
83,CPU,1024,83.0,3.7413077354431152,1,2019-06-21 13:41:27.822095,0 days 00:00:07.217058000,7.217058,2019-06-21 13:41:20.605037
84,CPU,1024,84.0,3.7320303916931152,1,2019-06-21 13:41:35.062379,0 days 00:00:07.240284000,7.240284,2019-06-21 13:41:27.822095
85,CPU,1024,85.0,3.714535713195801,1,2019-06-21 13:41:42.242541,0 days 00:00:07.180162000,7.180162,2019-06-21 13:41:35.062379
86,CPU,1024,86.0,3.694840431213379,1,2019-06-21 13:41:49.389698,0 days 00:00:07.147157000,7.147157,2019-06-21 13:41:42.242541
87,CPU,1024,87.0,3.6833832263946533,1,2019-06-21 13:41:56.631458,0 days 00:00:07.241760000,7.24176,2019-06-21 13:41:49.389698
88,CPU,1024,88.0,3.6620895862579346,1,2019-06-21 13:42:03.941130,0 days 00:00:07.309672000,7.309672,2019-06-21 13:41:56.631458
89,CPU,1024,89.0,3.651618242263794,1,2019-06-21 13:42:11.169321,0 days 00:00:07.228191000,7.228191,2019-06-21 13:42:03.941130
90,CPU,1024,90.0,3.645277261734009,1,2019-06-21 13:42:18.357309,0 days 00:00:07.187988000,7.187988,2019-06-21 13:42:11.169321
91,CPU,1024,91.0,3.6357951164245605,1,2019-06-21 13:42:25.536103,0 days 00:00:07.178794000,7.178794,2019-06-21 13:42:18.357309
92,CPU,1024,92.0,3.6558194160461426,1,2019-06-21 13:42:32.647122,0 days 00:00:07.111019000,7.111019,2019-06-21 13:42:25.536103
93,CPU,1024,93.0,3.620434045791626,1,2019-06-21 13:42:39.814516,0 days 00:00:07.167394000,7.167394,2019-06-21 13:42:32.647122
94,CPU,1024,94.0,3.595287322998047,1,2019-06-21 13:42:46.972151,0 days 00:00:07.157635000,7.157635,2019-06-21 13:42:39.814516
95,CPU,1024,95.0,3.557860851287842,1,2019-06-21 13:42:54.198193,0 days 00:00:07.226042000,7.226042,2019-06-21 13:42:46.972151
96,CPU,1024,96.0,3.5356040000915527,1,2019-06-21 13:43:01.482867,0 days 00:00:07.284674000,7.284674,2019-06-21 13:42:54.198193
97,CPU,1024,97.0,3.540069341659546,1,2019-06-21 13:43:08.703613,0 days 00:00:07.220746000,7.220746,2019-06-21 13:43:01.482867
98,CPU,1024,98.0,3.5696358680725098,1,2019-06-21 13:43:15.946556,0 days 00:00:07.242943000,7.242943,2019-06-21 13:43:08.703613
99,CPU,1024,99.0,3.5780653953552246,1,2019-06-21 13:43:23.235847,0 days 00:00:07.289291000,7.289291,2019-06-21 13:43:15.946556
0,CPU,128,0.0,5.544978141784668,5,2019-06-21 13:43:27.011693,,,
1,CPU,128,1.0,5.5442962646484375,5,2019-06-21 13:43:29.773675,0 days 00:00:02.761982000,2.761982,2019-06-21 13:43:27.011693
2,CPU,128,2.0,5.543604850769043,5,2019-06-21 13:43:32.679477,0 days 00:00:02.905802000,2.905802,2019-06-21 13:43:29.773675
3,CPU,128,3.0,5.542874813079834,5,2019-06-21 13:43:35.543284,0 days 00:00:02.863807000,2.863807,2019-06-21 13:43:32.679477
4,CPU,128,4.0,5.542093753814697,5,2019-06-21 13:43:38.423188,0 days 00:00:02.879904000,2.879904,2019-06-21 13:43:35.543284
5,CPU,128,5.0,5.541250228881836,5,2019-06-21 13:43:41.281177,0 days 00:00:02.857989000,2.857989,2019-06-21 13:43:38.423188
6,CPU,128,6.0,5.540333271026611,5,2019-06-21 13:43:44.147405,0 days 00:00:02.866228000,2.866228,2019-06-21 13:43:41.281177
7,CPU,128,7.0,5.5393266677856445,5,2019-06-21 13:43:47.092712,0 days 00:00:02.945307000,2.945307,2019-06-21 13:43:44.147405
8,CPU,128,8.0,5.538208484649658,5,2019-06-21 13:43:49.931041,0 days 00:00:02.838329000,2.838329,2019-06-21 13:43:47.092712
9,CPU,128,9.0,5.536956310272217,5,2019-06-21 13:43:52.810353,0 days 00:00:02.879312000,2.879312,2019-06-21 13:43:49.931041
10,CPU,128,10.0,5.5355377197265625,5,2019-06-21 13:43:55.726466,0 days 00:00:02.916113000,2.916113,2019-06-21 13:43:52.810353
11,CPU,128,11.0,5.533909797668457,5,2019-06-21 13:43:58.646103,0 days 00:00:02.919637000,2.919637,2019-06-21 13:43:55.726466
12,CPU,128,12.0,5.532016754150391,5,2019-06-21 13:44:01.541856,0 days 00:00:02.895753000,2.895753,2019-06-21 13:43:58.646103
13,CPU,128,13.0,5.52977991104126,5,2019-06-21 13:44:04.443440,0 days 00:00:02.901584000,2.901584,2019-06-21 13:44:01.541856
14,CPU,128,14.0,5.527088165283203,5,2019-06-21 13:44:07.333133,0 days 00:00:02.889693000,2.889693,2019-06-21 13:44:04.443440
15,CPU,128,15.0,5.523775100708008,5,2019-06-21 13:44:10.212617,0 days 00:00:02.879484000,2.879484,2019-06-21 13:44:07.333133
16,CPU,128,16.0,5.519588470458984,5,2019-06-21 13:44:13.087534,0 days 00:00:02.874917000,2.874917,2019-06-21 13:44:10.212617
17,CPU,128,17.0,5.5141072273254395,5,2019-06-21 13:44:15.964161,0 days 00:00:02.876627000,2.876627,2019-06-21 13:44:13.087534
18,CPU,128,18.0,5.506591320037842,5,2019-06-21 13:44:18.872679,0 days 00:00:02.908518000,2.908518,2019-06-21 13:44:15.964161
19,CPU,128,19.0,5.4955573081970215,5,2019-06-21 13:44:21.772163,0 days 00:00:02.899484000,2.899484,2019-06-21 13:44:18.872679
20,CPU,128,20.0,5.477437496185303,5,2019-06-21 13:44:24.580701,0 days 00:00:02.808538000,2.808538,2019-06-21 13:44:21.772163
21,CPU,128,21.0,5.440271854400635,5,2019-06-21 13:44:27.458895,0 days 00:00:02.878194000,2.878194,2019-06-21 13:44:24.580701
22,CPU,128,22.0,5.361495494842529,5,2019-06-21 13:44:30.330581,0 days 00:00:02.871686000,2.871686,2019-06-21 13:44:27.458895
23,CPU,128,23.0,5.329809188842773,5,2019-06-21 13:44:33.234289,0 days 00:00:02.903708000,2.903708,2019-06-21 13:44:30.330581
24,CPU,128,24.0,5.3166351318359375,5,2019-06-21 13:44:36.121554,0 days 00:00:02.887265000,2.887265,2019-06-21 13:44:33.234289
25,CPU,128,25.0,5.303768157958984,5,2019-06-21 13:44:39.029234,0 days 00:00:02.907680000,2.90768,2019-06-21 13:44:36.121554
26,CPU,128,26.0,5.290709495544434,5,2019-06-21 13:44:41.645576,0 days 00:00:02.616342000,2.616342,2019-06-21 13:44:39.029234
27,CPU,128,27.0,5.27835750579834,5,2019-06-21 13:44:44.497086,0 days 00:00:02.851510000,2.85151,2019-06-21 13:44:41.645576
28,CPU,128,28.0,5.2673468589782715,5,2019-06-21 13:44:47.375695,0 days 00:00:02.878609000,2.878609,2019-06-21 13:44:44.497086
29,CPU,128,29.0,5.2579755783081055,5,2019-06-21 13:44:50.212061,0 days 00:00:02.836366000,2.836366,2019-06-21 13:44:47.375695
30,CPU,128,30.0,5.250309944152832,5,2019-06-21 13:44:53.063158,0 days 00:00:02.851097000,2.851097,2019-06-21 13:44:50.212061
31,CPU,128,31.0,5.244204044342041,5,2019-06-21 13:44:55.997241,0 days 00:00:02.934083000,2.934083,2019-06-21 13:44:53.063158
32,CPU,128,32.0,5.23930549621582,5,2019-06-21 13:44:58.891665,0 days 00:00:02.894424000,2.894424,2019-06-21 13:44:55.997241
33,CPU,128,33.0,5.235194206237793,5,2019-06-21 13:45:01.756474,0 days 00:00:02.864809000,2.864809,2019-06-21 13:44:58.891665
34,CPU,128,34.0,5.231555938720703,5,2019-06-21 13:45:04.606380,0 days 00:00:02.849906000,2.849906,2019-06-21 13:45:01.756474
35,CPU,128,35.0,5.228274822235107,5,2019-06-21 13:45:07.421093,0 days 00:00:02.814713000,2.814713,2019-06-21 13:45:04.606380
36,CPU,128,36.0,5.225414276123047,5,2019-06-21 13:45:10.318194,0 days 00:00:02.897101000,2.897101,2019-06-21 13:45:07.421093
37,CPU,128,37.0,5.22311544418335,5,2019-06-21 13:45:13.223390,0 days 00:00:02.905196000,2.905196,2019-06-21 13:45:10.318194
38,CPU,128,38.0,5.221503734588623,5,2019-06-21 13:45:16.107448,0 days 00:00:02.884058000,2.884058,2019-06-21 13:45:13.223390
39,CPU,128,39.0,5.220598220825195,5,2019-06-21 13:45:18.992087,0 days 00:00:02.884639000,2.884639,2019-06-21 13:45:16.107448
40,CPU,128,40.0,5.220266342163086,5,2019-06-21 13:45:21.845351,0 days 00:00:02.853264000,2.853264,2019-06-21 13:45:18.992087
41,CPU,128,41.0,5.220269203186035,5,2019-06-21 13:45:24.753239,0 days 00:00:02.907888000,2.907888,2019-06-21 13:45:21.845351
42,CPU,128,42.0,5.220335483551025,5,2019-06-21 13:45:27.596141,0 days 00:00:02.842902000,2.842902,2019-06-21 13:45:24.753239
43,CPU,128,43.0,5.220232009887695,5,2019-06-21 13:45:30.483360,0 days 00:00:02.887219000,2.887219,2019-06-21 13:45:27.596141
44,CPU,128,44.0,5.219822883605957,5,2019-06-21 13:45:33.331159,0 days 00:00:02.847799000,2.847799,2019-06-21 13:45:30.483360
45,CPU,128,45.0,5.2190704345703125,5,2019-06-21 13:45:36.228578,0 days 00:00:02.897419000,2.897419,2019-06-21 13:45:33.331159
46,CPU,128,46.0,5.218023300170898,5,2019-06-21 13:45:38.895760,0 days 00:00:02.667182000,2.667182,2019-06-21 13:45:36.228578
47,CPU,128,47.0,5.216783046722412,5,2019-06-21 13:45:41.818906,0 days 00:00:02.923146000,2.923146,2019-06-21 13:45:38.895760
48,CPU,128,48.0,5.21547269821167,5,2019-06-21 13:45:44.644731,0 days 00:00:02.825825000,2.825825,2019-06-21 13:45:41.818906
49,CPU,128,49.0,5.214194297790527,5,2019-06-21 13:45:47.587557,0 days 00:00:02.942826000,2.942826,2019-06-21 13:45:44.644731
50,CPU,128,50.0,5.21303129196167,5,2019-06-21 13:45:50.467405,0 days 00:00:02.879848000,2.879848,2019-06-21 13:45:47.587557
51,CPU,128,51.0,5.212034225463867,5,2019-06-21 13:45:53.213111,0 days 00:00:02.745706000,2.745706,2019-06-21 13:45:50.467405
52,CPU,128,52.0,5.211215496063232,5,2019-06-21 13:45:56.129379,0 days 00:00:02.916268000,2.916268,2019-06-21 13:45:53.213111
53,CPU,128,53.0,5.210557460784912,5,2019-06-21 13:45:59.002227,0 days 00:00:02.872848000,2.872848,2019-06-21 13:45:56.129379
54,CPU,128,54.0,5.210026741027832,5,2019-06-21 13:46:01.897143,0 days 00:00:02.894916000,2.894916,2019-06-21 13:45:59.002227
55,CPU,128,55.0,5.209587097167969,5,2019-06-21 13:46:04.769171,0 days 00:00:02.872028000,2.872028,2019-06-21 13:46:01.897143
56,CPU,128,56.0,5.209214687347412,5,2019-06-21 13:46:07.604025,0 days 00:00:02.834854000,2.834854,2019-06-21 13:46:04.769171
57,CPU,128,57.0,5.208894729614258,5,2019-06-21 13:46:10.511943,0 days 00:00:02.907918000,2.907918,2019-06-21 13:46:07.604025
58,CPU,128,58.0,5.208621978759766,5,2019-06-21 13:46:13.462295,0 days 00:00:02.950352000,2.950352,2019-06-21 13:46:10.511943
59,CPU,128,59.0,5.208395481109619,5,2019-06-21 13:46:16.355982,0 days 00:00:02.893687000,2.893687,2019-06-21 13:46:13.462295
60,CPU,128,60.0,5.208206653594971,5,2019-06-21 13:46:19.232821,0 days 00:00:02.876839000,2.876839,2019-06-21 13:46:16.355982
61,CPU,128,61.0,5.208043575286865,5,2019-06-21 13:46:22.061207,0 days 00:00:02.828386000,2.828386,2019-06-21 13:46:19.232821
62,CPU,128,62.0,5.207892417907715,5,2019-06-21 13:46:24.963861,0 days 00:00:02.902654000,2.902654,2019-06-21 13:46:22.061207
63,CPU,128,63.0,5.207728862762451,5,2019-06-21 13:46:27.785081,0 days 00:00:02.821220000,2.82122,2019-06-21 13:46:24.963861
64,CPU,128,64.0,5.207546710968018,5,2019-06-21 13:46:30.692370,0 days 00:00:02.907289000,2.907289,2019-06-21 13:46:27.785081
65,CPU,128,65.0,5.207340717315674,5,2019-06-21 13:46:33.554775,0 days 00:00:02.862405000,2.862405,2019-06-21 13:46:30.692370
66,CPU,128,66.0,5.207115650177002,5,2019-06-21 13:46:36.413674,0 days 00:00:02.858899000,2.858899,2019-06-21 13:46:33.554775
67,CPU,128,67.0,5.206885814666748,5,2019-06-21 13:46:39.270938,0 days 00:00:02.857264000,2.857264,2019-06-21 13:46:36.413674
68,CPU,128,68.0,5.206665515899658,5,2019-06-21 13:46:42.102174,0 days 00:00:02.831236000,2.831236,2019-06-21 13:46:39.270938
69,CPU,128,69.0,5.206466197967529,5,2019-06-21 13:46:44.931418,0 days 00:00:02.829244000,2.829244,2019-06-21 13:46:42.102174
70,CPU,128,70.0,5.206298351287842,5,2019-06-21 13:46:47.817505,0 days 00:00:02.886087000,2.886087,2019-06-21 13:46:44.931418
71,CPU,128,71.0,5.206165790557861,5,2019-06-21 13:46:50.673753,0 days 00:00:02.856248000,2.856248,2019-06-21 13:46:47.817505
72,CPU,128,72.0,5.2060675621032715,5,2019-06-21 13:46:53.525311,0 days 00:00:02.851558000,2.851558,2019-06-21 13:46:50.673753
73,CPU,128,73.0,5.205996513366699,5,2019-06-21 13:46:56.394774,0 days 00:00:02.869463000,2.869463,2019-06-21 13:46:53.525311
74,CPU,128,74.0,5.205943584442139,5,2019-06-21 13:46:58.946814,0 days 00:00:02.552040000,2.55204,2019-06-21 13:46:56.394774
75,CPU,128,75.0,5.205900192260742,5,2019-06-21 13:47:01.723608,0 days 00:00:02.776794000,2.776794,2019-06-21 13:46:58.946814
76,CPU,128,76.0,5.20585823059082,5,2019-06-21 13:47:04.581448,0 days 00:00:02.857840000,2.85784,2019-06-21 13:47:01.723608
77,CPU,128,77.0,5.205812454223633,5,2019-06-21 13:47:07.493464,0 days 00:00:02.912016000,2.912016,2019-06-21 13:47:04.581448
78,CPU,128,78.0,5.205761909484863,5,2019-06-21 13:47:10.323568,0 days 00:00:02.830104000,2.830104,2019-06-21 13:47:07.493464
79,CPU,128,79.0,5.20570707321167,5,2019-06-21 13:47:13.148934,0 days 00:00:02.825366000,2.825366,2019-06-21 13:47:10.323568
80,CPU,128,80.0,5.205649375915527,5,2019-06-21 13:47:16.049002,0 days 00:00:02.900068000,2.900068,2019-06-21 13:47:13.148934
81,CPU,128,81.0,5.205593585968018,5,2019-06-21 13:47:18.960230,0 days 00:00:02.911228000,2.911228,2019-06-21 13:47:16.049002
82,CPU,128,82.0,5.205539226531982,5,2019-06-21 13:47:21.773039,0 days 00:00:02.812809000,2.812809,2019-06-21 13:47:18.960230
83,CPU,128,83.0,5.205489158630371,5,2019-06-21 13:47:24.614813,0 days 00:00:02.841774000,2.841774,2019-06-21 13:47:21.773039
84,CPU,128,84.0,5.205440044403076,5,2019-06-21 13:47:27.464465,0 days 00:00:02.849652000,2.849652,2019-06-21 13:47:24.614813
85,CPU,128,85.0,5.205394744873047,5,2019-06-21 13:47:30.352147,0 days 00:00:02.887682000,2.887682,2019-06-21 13:47:27.464465
86,CPU,128,86.0,5.205350875854492,5,2019-06-21 13:47:32.995655,0 days 00:00:02.643508000,2.643508,2019-06-21 13:47:30.352147
87,CPU,128,87.0,5.205308437347412,5,2019-06-21 13:47:35.840171,0 days 00:00:02.844516000,2.844516,2019-06-21 13:47:32.995655
88,CPU,128,88.0,5.205267906188965,5,2019-06-21 13:47:38.708941,0 days 00:00:02.868770000,2.86877,2019-06-21 13:47:35.840171
89,CPU,128,89.0,5.205229759216309,5,2019-06-21 13:47:41.530027,0 days 00:00:02.821086000,2.821086,2019-06-21 13:47:38.708941
90,CPU,128,90.0,5.205195903778076,5,2019-06-21 13:47:44.380290,0 days 00:00:02.850263000,2.850263,2019-06-21 13:47:41.530027
91,CPU,128,91.0,5.205165863037109,5,2019-06-21 13:47:47.345331,0 days 00:00:02.965041000,2.965041,2019-06-21 13:47:44.380290
92,CPU,128,92.0,5.20513916015625,5,2019-06-21 13:47:50.207668,0 days 00:00:02.862337000,2.862337,2019-06-21 13:47:47.345331
93,CPU,128,93.0,5.205113887786865,5,2019-06-21 13:47:53.028487,0 days 00:00:02.820819000,2.820819,2019-06-21 13:47:50.207668
94,CPU,128,94.0,5.20509147644043,5,2019-06-21 13:47:55.890330,0 days 00:00:02.861843000,2.861843,2019-06-21 13:47:53.028487
95,CPU,128,95.0,5.205068111419678,5,2019-06-21 13:47:58.786685,0 days 00:00:02.896355000,2.896355,2019-06-21 13:47:55.890330
96,CPU,128,96.0,5.205042839050293,5,2019-06-21 13:48:01.655737,0 days 00:00:02.869052000,2.869052,2019-06-21 13:47:58.786685
97,CPU,128,97.0,5.205018520355225,5,2019-06-21 13:48:04.487262,0 days 00:00:02.831525000,2.831525,2019-06-21 13:48:01.655737
98,CPU,128,98.0,5.204992771148682,5,2019-06-21 13:48:07.384436,0 days 00:00:02.897174000,2.897174,2019-06-21 13:48:04.487262
99,CPU,128,99.0,5.20496940612793,5,2019-06-21 13:48:10.223666,0 days 00:00:02.839230000,2.83923,2019-06-21 13:48:07.384436
0,CPU,256,0.0,5.544711112976074,5,2019-06-21 13:48:15.778103,,,
1,CPU,256,1.0,5.543883323669434,5,2019-06-21 13:48:20.365520,0 days 00:00:04.587417000,4.587417,2019-06-21 13:48:15.778103
2,CPU,256,2.0,5.542984962463379,5,2019-06-21 13:48:24.800037,0 days 00:00:04.434517000,4.434517,2019-06-21 13:48:20.365520
3,CPU,256,3.0,5.54196310043335,5,2019-06-21 13:48:29.224145,0 days 00:00:04.424108000,4.424108,2019-06-21 13:48:24.800037
4,CPU,256,4.0,5.540768146514893,5,2019-06-21 13:48:33.788671,0 days 00:00:04.564526000,4.564526,2019-06-21 13:48:29.224145
5,CPU,256,5.0,5.539333820343018,5,2019-06-21 13:48:38.397641,0 days 00:00:04.608970000,4.60897,2019-06-21 13:48:33.788671
6,CPU,256,6.0,5.537568092346191,5,2019-06-21 13:48:42.983186,0 days 00:00:04.585545000,4.585545,2019-06-21 13:48:38.397641
7,CPU,256,7.0,5.535327434539795,5,2019-06-21 13:48:47.554062,0 days 00:00:04.570876000,4.570876,2019-06-21 13:48:42.983186
8,CPU,256,8.0,5.532381057739258,5,2019-06-21 13:48:52.104738,0 days 00:00:04.550676000,4.550676,2019-06-21 13:48:47.554062
9,CPU,256,9.0,5.528327941894531,5,2019-06-21 13:48:56.528774,0 days 00:00:04.424036000,4.424036,2019-06-21 13:48:52.104738
10,CPU,256,10.0,5.5224103927612305,5,2019-06-21 13:49:01.052123,0 days 00:00:04.523349000,4.523349,2019-06-21 13:48:56.528774
11,CPU,256,11.0,5.512979507446289,5,2019-06-21 13:49:05.257684,0 days 00:00:04.205561000,4.205561,2019-06-21 13:49:01.052123
12,CPU,256,12.0,5.495551586151123,5,2019-06-21 13:49:09.795088,0 days 00:00:04.537404000,4.537404,2019-06-21 13:49:05.257684
13,CPU,256,13.0,5.449570178985596,5,2019-06-21 13:49:14.285529,0 days 00:00:04.490441000,4.490441,2019-06-21 13:49:09.795088
14,CPU,256,14.0,5.341425895690918,5,2019-06-21 13:49:18.811253,0 days 00:00:04.525724000,4.525724,2019-06-21 13:49:14.285529
15,CPU,256,15.0,5.33395528793335,5,2019-06-21 13:49:23.379364,0 days 00:00:04.568111000,4.568111,2019-06-21 13:49:18.811253
16,CPU,256,16.0,5.314168930053711,5,2019-06-21 13:49:27.960409,0 days 00:00:04.581045000,4.581045,2019-06-21 13:49:23.379364
17,CPU,256,17.0,5.289179801940918,5,2019-06-21 13:49:32.589025,0 days 00:00:04.628616000,4.628616,2019-06-21 13:49:27.960409
18,CPU,256,18.0,5.266061782836914,5,2019-06-21 13:49:37.004022,0 days 00:00:04.414997000,4.414997,2019-06-21 13:49:32.589025
19,CPU,256,19.0,5.248485088348389,5,2019-06-21 13:49:41.577815,0 days 00:00:04.573793000,4.573793,2019-06-21 13:49:37.004022
20,CPU,256,20.0,5.237645149230957,5,2019-06-21 13:49:46.061407,0 days 00:00:04.483592000,4.483592,2019-06-21 13:49:41.577815
21,CPU,256,21.0,5.233312129974365,5,2019-06-21 13:49:50.654427,0 days 00:00:04.593020000,4.59302,2019-06-21 13:49:46.061407
22,CPU,256,22.0,5.232238292694092,5,2019-06-21 13:49:55.128032,0 days 00:00:04.473605000,4.473605,2019-06-21 13:49:50.654427
23,CPU,256,23.0,5.230432987213135,5,2019-06-21 13:49:59.473030,0 days 00:00:04.344998000,4.344998,2019-06-21 13:49:55.128032
24,CPU,256,24.0,5.228916168212891,5,2019-06-21 13:50:04.054794,0 days 00:00:04.581764000,4.581764,2019-06-21 13:49:59.473030
25,CPU,256,25.0,5.229053020477295,5,2019-06-21 13:50:08.623984,0 days 00:00:04.569190000,4.56919,2019-06-21 13:50:04.054794
26,CPU,256,26.0,5.229092121124268,5,2019-06-21 13:50:13.161292,0 days 00:00:04.537308000,4.537308,2019-06-21 13:50:08.623984
27,CPU,256,27.0,5.2276997566223145,5,2019-06-21 13:50:17.645238,0 days 00:00:04.483946000,4.483946,2019-06-21 13:50:13.161292
28,CPU,256,28.0,5.22572660446167,5,2019-06-21 13:50:22.306394,0 days 00:00:04.661156000,4.661156,2019-06-21 13:50:17.645238
29,CPU,256,29.0,5.224335193634033,5,2019-06-21 13:50:26.900731,0 days 00:00:04.594337000,4.594337,2019-06-21 13:50:22.306394
30,CPU,256,30.0,5.2234578132629395,5,2019-06-21 13:50:31.451604,0 days 00:00:04.550873000,4.550873,2019-06-21 13:50:26.900731
31,CPU,256,31.0,5.222365856170654,5,2019-06-21 13:50:35.988717,0 days 00:00:04.537113000,4.537113,2019-06-21 13:50:31.451604
32,CPU,256,32.0,5.220844745635986,5,2019-06-21 13:50:40.507964,0 days 00:00:04.519247000,4.519247,2019-06-21 13:50:35.988717
33,CPU,256,33.0,5.219243049621582,5,2019-06-21 13:50:44.953603,0 days 00:00:04.445639000,4.445639,2019-06-21 13:50:40.507964
34,CPU,256,34.0,5.21785831451416,5,2019-06-21 13:50:49.523919,0 days 00:00:04.570316000,4.570316,2019-06-21 13:50:44.953603
35,CPU,256,35.0,5.216668128967285,5,2019-06-21 13:50:54.074234,0 days 00:00:04.550315000,4.550315,2019-06-21 13:50:49.523919
36,CPU,256,36.0,5.215506076812744,5,2019-06-21 13:50:58.615891,0 days 00:00:04.541657000,4.541657,2019-06-21 13:50:54.074234
37,CPU,256,37.0,5.214292526245117,5,2019-06-21 13:51:03.334441,0 days 00:00:04.718550000,4.71855,2019-06-21 13:50:58.615891
38,CPU,256,38.0,5.213088512420654,5,2019-06-21 13:51:07.933162,0 days 00:00:04.598721000,4.598721,2019-06-21 13:51:03.334441
39,CPU,256,39.0,5.212014675140381,5,2019-06-21 13:51:12.572576,0 days 00:00:04.639414000,4.639414,2019-06-21 13:51:07.933162
40,CPU,256,40.0,5.211142063140869,5,2019-06-21 13:51:17.074766,0 days 00:00:04.502190000,4.50219,2019-06-21 13:51:12.572576
41,CPU,256,41.0,5.210448265075684,5,2019-06-21 13:51:21.583382,0 days 00:00:04.508616000,4.508616,2019-06-21 13:51:17.074766
42,CPU,256,42.0,5.2098541259765625,5,2019-06-21 13:51:26.164877,0 days 00:00:04.581495000,4.581495,2019-06-21 13:51:21.583382
43,CPU,256,43.0,5.209283828735352,5,2019-06-21 13:51:30.722133,0 days 00:00:04.557256000,4.557256,2019-06-21 13:51:26.164877
44,CPU,256,44.0,5.20870304107666,5,2019-06-21 13:51:35.140674,0 days 00:00:04.418541000,4.418541,2019-06-21 13:51:30.722133
45,CPU,256,45.0,5.208129405975342,5,2019-06-21 13:51:39.667729,0 days 00:00:04.527055000,4.527055,2019-06-21 13:51:35.140674
46,CPU,256,46.0,5.207605838775635,5,2019-06-21 13:51:44.321992,0 days 00:00:04.654263000,4.654263,2019-06-21 13:51:39.667729
47,CPU,256,47.0,5.207177639007568,5,2019-06-21 13:51:48.789578,0 days 00:00:04.467586000,4.467586,2019-06-21 13:51:44.321992
48,CPU,256,48.0,5.206864833831787,5,2019-06-21 13:51:53.321722,0 days 00:00:04.532144000,4.532144,2019-06-21 13:51:48.789578
49,CPU,256,49.0,5.206660270690918,5,2019-06-21 13:51:57.927724,0 days 00:00:04.606002000,4.606002,2019-06-21 13:51:53.321722
50,CPU,256,50.0,5.206535339355469,5,2019-06-21 13:52:02.307839,0 days 00:00:04.380115000,4.380115,2019-06-21 13:51:57.927724
51,CPU,256,51.0,5.206455230712891,5,2019-06-21 13:52:06.885921,0 days 00:00:04.578082000,4.578082,2019-06-21 13:52:02.307839
52,CPU,256,52.0,5.2063889503479,5,2019-06-21 13:52:11.434294,0 days 00:00:04.548373000,4.548373,2019-06-21 13:52:06.885921
53,CPU,256,53.0,5.2063164710998535,5,2019-06-21 13:52:16.016415,0 days 00:00:04.582121000,4.582121,2019-06-21 13:52:11.434294
54,CPU,256,54.0,5.2062225341796875,5,2019-06-21 13:52:20.644019,0 days 00:00:04.627604000,4.627604,2019-06-21 13:52:16.016415
55,CPU,256,55.0,5.206097602844238,5,2019-06-21 13:52:25.260009,0 days 00:00:04.615990000,4.61599,2019-06-21 13:52:20.644019
56,CPU,256,56.0,5.205941200256348,5,2019-06-21 13:52:29.725380,0 days 00:00:04.465371000,4.465371,2019-06-21 13:52:25.260009
57,CPU,256,57.0,5.20576286315918,5,2019-06-21 13:52:34.260170,0 days 00:00:04.534790000,4.53479,2019-06-21 13:52:29.725380
58,CPU,256,58.0,5.205583572387695,5,2019-06-21 13:52:38.733808,0 days 00:00:04.473638000,4.473638,2019-06-21 13:52:34.260170
59,CPU,256,59.0,5.205427169799805,5,2019-06-21 13:52:43.250020,0 days 00:00:04.516212000,4.516212,2019-06-21 13:52:38.733808
60,CPU,256,60.0,5.205312728881836,5,2019-06-21 13:52:47.788430,0 days 00:00:04.538410000,4.53841,2019-06-21 13:52:43.250020
61,CPU,256,61.0,5.205236911773682,5,2019-06-21 13:52:52.291730,0 days 00:00:04.503300000,4.5033,2019-06-21 13:52:47.788430
62,CPU,256,62.0,5.205193519592285,5,2019-06-21 13:52:56.783340,0 days 00:00:04.491610000,4.49161,2019-06-21 13:52:52.291730
63,CPU,256,63.0,5.205160140991211,5,2019-06-21 13:53:01.299122,0 days 00:00:04.515782000,4.515782,2019-06-21 13:52:56.783340
64,CPU,256,64.0,5.205124855041504,5,2019-06-21 13:53:05.909340,0 days 00:00:04.610218000,4.610218,2019-06-21 13:53:01.299122
65,CPU,256,65.0,5.205084323883057,5,2019-06-21 13:53:10.504250,0 days 00:00:04.594910000,4.59491,2019-06-21 13:53:05.909340
66,CPU,256,66.0,5.205039024353027,5,2019-06-21 13:53:15.059935,0 days 00:00:04.555685000,4.555685,2019-06-21 13:53:10.504250
67,CPU,256,67.0,5.2049946784973145,5,2019-06-21 13:53:19.616202,0 days 00:00:04.556267000,4.556267,2019-06-21 13:53:15.059935
68,CPU,256,68.0,5.204949378967285,5,2019-06-21 13:53:24.255093,0 days 00:00:04.638891000,4.638891,2019-06-21 13:53:19.616202
69,CPU,256,69.0,5.204904556274414,5,2019-06-21 13:53:28.755214,0 days 00:00:04.500121000,4.500121,2019-06-21 13:53:24.255093
70,CPU,256,70.0,5.2048563957214355,5,2019-06-21 13:53:33.261410,0 days 00:00:04.506196000,4.506196,2019-06-21 13:53:28.755214
71,CPU,256,71.0,5.204805374145508,5,2019-06-21 13:53:37.842132,0 days 00:00:04.580722000,4.580722,2019-06-21 13:53:33.261410
72,CPU,256,72.0,5.2047553062438965,5,2019-06-21 13:53:42.403406,0 days 00:00:04.561274000,4.561274,2019-06-21 13:53:37.842132
73,CPU,256,73.0,5.204709053039551,5,2019-06-21 13:53:47.031833,0 days 00:00:04.628427000,4.628427,2019-06-21 13:53:42.403406
74,CPU,256,74.0,5.20466947555542,5,2019-06-21 13:53:51.576715,0 days 00:00:04.544882000,4.544882,2019-06-21 13:53:47.031833
75,CPU,256,75.0,5.20463752746582,5,2019-06-21 13:53:56.169481,0 days 00:00:04.592766000,4.592766,2019-06-21 13:53:51.576715
76,CPU,256,76.0,5.204610347747803,5,2019-06-21 13:54:00.760574,0 days 00:00:04.591093000,4.591093,2019-06-21 13:53:56.169481
77,CPU,256,77.0,5.204588413238525,5,2019-06-21 13:54:05.264522,0 days 00:00:04.503948000,4.503948,2019-06-21 13:54:00.760574
78,CPU,256,78.0,5.204567909240723,5,2019-06-21 13:54:09.832444,0 days 00:00:04.567922000,4.567922,2019-06-21 13:54:05.264522
79,CPU,256,79.0,5.204548358917236,5,2019-06-21 13:54:14.394913,0 days 00:00:04.562469000,4.562469,2019-06-21 13:54:09.832444
80,CPU,256,80.0,5.204530239105225,5,2019-06-21 13:54:18.946719,0 days 00:00:04.551806000,4.551806,2019-06-21 13:54:14.394913
81,CPU,256,81.0,5.204513072967529,5,2019-06-21 13:54:23.490806,0 days 00:00:04.544087000,4.544087,2019-06-21 13:54:18.946719
82,CPU,256,82.0,5.204493999481201,5,2019-06-21 13:54:28.107150,0 days 00:00:04.616344000,4.616344,2019-06-21 13:54:23.490806
83,CPU,256,83.0,5.204474449157715,5,2019-06-21 13:54:32.654996,0 days 00:00:04.547846000,4.547846,2019-06-21 13:54:28.107150
84,CPU,256,84.0,5.204452991485596,5,2019-06-21 13:54:37.221781,0 days 00:00:04.566785000,4.566785,2019-06-21 13:54:32.654996
85,CPU,256,85.0,5.20443058013916,5,2019-06-21 13:54:41.700470,0 days 00:00:04.478689000,4.478689,2019-06-21 13:54:37.221781
86,CPU,256,86.0,5.204407691955566,5,2019-06-21 13:54:46.200406,0 days 00:00:04.499936000,4.499936,2019-06-21 13:54:41.700470
87,CPU,256,87.0,5.204387187957764,5,2019-06-21 13:54:50.725660,0 days 00:00:04.525254000,4.525254,2019-06-21 13:54:46.200406
88,CPU,256,88.0,5.204368591308594,5,2019-06-21 13:54:55.212115,0 days 00:00:04.486455000,4.486455,2019-06-21 13:54:50.725660
89,CPU,256,89.0,5.204353332519531,5,2019-06-21 13:54:59.805843,0 days 00:00:04.593728000,4.593728,2019-06-21 13:54:55.212115
90,CPU,256,90.0,5.20434045791626,5,2019-06-21 13:55:04.381323,0 days 00:00:04.575480000,4.57548,2019-06-21 13:54:59.805843
91,CPU,256,91.0,5.204327583312988,5,2019-06-21 13:55:08.959928,0 days 00:00:04.578605000,4.578605,2019-06-21 13:55:04.381323
92,CPU,256,92.0,5.204315662384033,5,2019-06-21 13:55:13.430088,0 days 00:00:04.470160000,4.47016,2019-06-21 13:55:08.959928
93,CPU,256,93.0,5.204303741455078,5,2019-06-21 13:55:17.824094,0 days 00:00:04.394006000,4.394006,2019-06-21 13:55:13.430088
94,CPU,256,94.0,5.204291343688965,5,2019-06-21 13:55:22.336384,0 days 00:00:04.512290000,4.51229,2019-06-21 13:55:17.824094
95,CPU,256,95.0,5.204277992248535,5,2019-06-21 13:55:26.861332,0 days 00:00:04.524948000,4.524948,2019-06-21 13:55:22.336384
96,CPU,256,96.0,5.204263210296631,5,2019-06-21 13:55:31.444257,0 days 00:00:04.582925000,4.582925,2019-06-21 13:55:26.861332
97,CPU,256,97.0,5.204249382019043,5,2019-06-21 13:55:36.071491,0 days 00:00:04.627234000,4.627234,2019-06-21 13:55:31.444257
98,CPU,256,98.0,5.2042365074157715,5,2019-06-21 13:55:40.676982,0 days 00:00:04.605491000,4.605491,2019-06-21 13:55:36.071491
99,CPU,256,99.0,5.204221248626709,5,2019-06-21 13:55:45.209949,0 days 00:00:04.532967000,4.532967,2019-06-21 13:55:40.676982
0,CPU,1024,0.0,5.5450897216796875,5,2019-06-21 13:55:58.105010,,,
1,CPU,1024,1.0,5.543179512023926,5,2019-06-21 13:56:09.063555,0 days 00:00:10.958545000,10.958545,2019-06-21 13:55:58.105010
2,CPU,1024,2.0,5.54052734375,5,2019-06-21 13:56:20.039422,0 days 00:00:10.975867000,10.975867,2019-06-21 13:56:09.063555
3,CPU,1024,3.0,5.535580635070801,5,2019-06-21 13:56:30.977686,0 days 00:00:10.938264000,10.938264,2019-06-21 13:56:20.039422
4,CPU,1024,4.0,5.5228471755981445,5,2019-06-21 13:56:42.039035,0 days 00:00:11.061349000,11.061349,2019-06-21 13:56:30.977686
5,CPU,1024,5.0,5.431584358215332,5,2019-06-21 13:56:52.967939,0 days 00:00:10.928904000,10.928904,2019-06-21 13:56:42.039035
6,CPU,1024,6.0,5.588078022003174,5,2019-06-21 13:57:03.912832,0 days 00:00:10.944893000,10.944893,2019-06-21 13:56:52.967939
7,CPU,1024,7.0,5.404451370239258,5,2019-06-21 13:57:14.841737,0 days 00:00:10.928905000,10.928905,2019-06-21 13:57:03.912832
8,CPU,1024,8.0,5.264655590057373,5,2019-06-21 13:57:25.784747,0 days 00:00:10.943010000,10.94301,2019-06-21 13:57:14.841737
9,CPU,1024,9.0,5.238733768463135,5,2019-06-21 13:57:36.737825,0 days 00:00:10.953078000,10.953078,2019-06-21 13:57:25.784747
10,CPU,1024,10.0,5.249964237213135,5,2019-06-21 13:57:47.679520,0 days 00:00:10.941695000,10.941695,2019-06-21 13:57:36.737825
11,CPU,1024,11.0,5.249382019042969,5,2019-06-21 13:57:58.630728,0 days 00:00:10.951208000,10.951208,2019-06-21 13:57:47.679520
12,CPU,1024,12.0,5.2423481941223145,5,2019-06-21 13:58:09.588301,0 days 00:00:10.957573000,10.957573,2019-06-21 13:57:58.630728
13,CPU,1024,13.0,5.241130352020264,5,2019-06-21 13:58:20.544411,0 days 00:00:10.956110000,10.95611,2019-06-21 13:58:09.588301
14,CPU,1024,14.0,5.241851329803467,5,2019-06-21 13:58:31.515007,0 days 00:00:10.970596000,10.970596,2019-06-21 13:58:20.544411
15,CPU,1024,15.0,5.237034320831299,5,2019-06-21 13:58:42.466589,0 days 00:00:10.951582000,10.951582,2019-06-21 13:58:31.515007
16,CPU,1024,16.0,5.229516506195068,5,2019-06-21 13:58:53.455127,0 days 00:00:10.988538000,10.988538,2019-06-21 13:58:42.466589
17,CPU,1024,17.0,5.224473476409912,5,2019-06-21 13:59:04.441158,0 days 00:00:10.986031000,10.986031,2019-06-21 13:58:53.455127
18,CPU,1024,18.0,5.222476482391357,5,2019-06-21 13:59:15.382500,0 days 00:00:10.941342000,10.941342,2019-06-21 13:59:04.441158
19,CPU,1024,19.0,5.221396446228027,5,2019-06-21 13:59:26.341698,0 days 00:00:10.959198000,10.959198,2019-06-21 13:59:15.382500
20,CPU,1024,20.0,5.21951150894165,5,2019-06-21 13:59:37.322924,0 days 00:00:10.981226000,10.981226,2019-06-21 13:59:26.341698
21,CPU,1024,21.0,5.216665267944336,5,2019-06-21 13:59:48.289229,0 days 00:00:10.966305000,10.966305,2019-06-21 13:59:37.322924
22,CPU,1024,22.0,5.213796138763428,5,2019-06-21 13:59:59.265553,0 days 00:00:10.976324000,10.976324,2019-06-21 13:59:48.289229
23,CPU,1024,23.0,5.211874961853027,5,2019-06-21 14:00:10.230765,0 days 00:00:10.965212000,10.965212,2019-06-21 13:59:59.265553
24,CPU,1024,24.0,5.2111005783081055,5,2019-06-21 14:00:21.173868,0 days 00:00:10.943103000,10.943103,2019-06-21 14:00:10.230765
25,CPU,1024,25.0,5.210666656494141,5,2019-06-21 14:00:32.099733,0 days 00:00:10.925865000,10.925865,2019-06-21 14:00:21.173868
26,CPU,1024,26.0,5.209877967834473,5,2019-06-21 14:00:43.034574,0 days 00:00:10.934841000,10.934841,2019-06-21 14:00:32.099733
27,CPU,1024,27.0,5.208859920501709,5,2019-06-21 14:00:53.970625,0 days 00:00:10.936051000,10.936051,2019-06-21 14:00:43.034574
28,CPU,1024,28.0,5.2082133293151855,5,2019-06-21 14:01:04.958520,0 days 00:00:10.987895000,10.987895,2019-06-21 14:00:53.970625
29,CPU,1024,29.0,5.208137512207031,5,2019-06-21 14:01:15.935500,0 days 00:00:10.976980000,10.97698,2019-06-21 14:01:04.958520
30,CPU,1024,30.0,5.208223342895508,5,2019-06-21 14:01:26.931046,0 days 00:00:10.995546000,10.995546,2019-06-21 14:01:15.935500
31,CPU,1024,31.0,5.207969665527344,5,2019-06-21 14:01:37.888641,0 days 00:00:10.957595000,10.957595,2019-06-21 14:01:26.931046
32,CPU,1024,32.0,5.207295894622803,5,2019-06-21 14:01:48.866917,0 days 00:00:10.978276000,10.978276,2019-06-21 14:01:37.888641
33,CPU,1024,33.0,5.206576347351074,5,2019-06-21 14:01:59.818082,0 days 00:00:10.951165000,10.951165,2019-06-21 14:01:48.866917
34,CPU,1024,34.0,5.2062273025512695,5,2019-06-21 14:02:10.801056,0 days 00:00:10.982974000,10.982974,2019-06-21 14:01:59.818082
35,CPU,1024,35.0,5.206274032592773,5,2019-06-21 14:02:21.772769,0 days 00:00:10.971713000,10.971713,2019-06-21 14:02:10.801056
36,CPU,1024,36.0,5.206358432769775,5,2019-06-21 14:02:32.748829,0 days 00:00:10.976060000,10.97606,2019-06-21 14:02:21.772769
37,CPU,1024,37.0,5.206186771392822,5,2019-06-21 14:02:43.665950,0 days 00:00:10.917121000,10.917121,2019-06-21 14:02:32.748829
38,CPU,1024,38.0,5.205839157104492,5,2019-06-21 14:02:54.644381,0 days 00:00:10.978431000,10.978431,2019-06-21 14:02:43.665950
39,CPU,1024,39.0,5.205589294433594,5,2019-06-21 14:03:05.619537,0 days 00:00:10.975156000,10.975156,2019-06-21 14:02:54.644381
40,CPU,1024,40.0,5.205556392669678,5,2019-06-21 14:03:16.606195,0 days 00:00:10.986658000,10.986658,2019-06-21 14:03:05.619537
41,CPU,1024,41.0,5.205606460571289,5,2019-06-21 14:03:27.606135,0 days 00:00:10.999940000,10.99994,2019-06-21 14:03:16.606195
42,CPU,1024,42.0,5.20554780960083,5,2019-06-21 14:03:38.589536,0 days 00:00:10.983401000,10.983401,2019-06-21 14:03:27.606135
43,CPU,1024,43.0,5.2053351402282715,5,2019-06-21 14:03:49.549358,0 days 00:00:10.959822000,10.959822,2019-06-21 14:03:38.589536
44,CPU,1024,44.0,5.205095291137695,5,2019-06-21 14:04:00.506789,0 days 00:00:10.957431000,10.957431,2019-06-21 14:03:49.549358
45,CPU,1024,45.0,5.204955577850342,5,2019-06-21 14:04:11.455997,0 days 00:00:10.949208000,10.949208,2019-06-21 14:04:00.506789
46,CPU,1024,46.0,5.204898834228516,5,2019-06-21 14:04:22.411509,0 days 00:00:10.955512000,10.955512,2019-06-21 14:04:11.455997
47,CPU,1024,47.0,5.204793930053711,5,2019-06-21 14:04:33.414924,0 days 00:00:11.003415000,11.003415,2019-06-21 14:04:22.411509
48,CPU,1024,48.0,5.359615802764893,5,2019-06-21 14:04:44.418378,0 days 00:00:11.003454000,11.003454,2019-06-21 14:04:33.414924
49,CPU,1024,49.0,5.256775856018066,5,2019-06-21 14:04:55.353296,0 days 00:00:10.934918000,10.934918,2019-06-21 14:04:44.418378
50,CPU,1024,50.0,5.226005554199219,5,2019-06-21 14:05:06.320065,0 days 00:00:10.966769000,10.966769,2019-06-21 14:04:55.353296
51,CPU,1024,51.0,5.205345153808594,5,2019-06-21 14:05:17.287157,0 days 00:00:10.967092000,10.967092,2019-06-21 14:05:06.320065
52,CPU,1024,52.0,5.205060958862305,5,2019-06-21 14:05:28.255955,0 days 00:00:10.968798000,10.968798,2019-06-21 14:05:17.287157
53,CPU,1024,53.0,5.204738140106201,5,2019-06-21 14:05:39.186808,0 days 00:00:10.930853000,10.930853,2019-06-21 14:05:28.255955
54,CPU,1024,54.0,5.204847812652588,5,2019-06-21 14:05:50.145779,0 days 00:00:10.958971000,10.958971,2019-06-21 14:05:39.186808
55,CPU,1024,55.0,5.2049150466918945,5,2019-06-21 14:06:01.063227,0 days 00:00:10.917448000,10.917448,2019-06-21 14:05:50.145779
56,CPU,1024,56.0,5.204768180847168,5,2019-06-21 14:06:11.995979,0 days 00:00:10.932752000,10.932752,2019-06-21 14:06:01.063227
57,CPU,1024,57.0,5.2046709060668945,5,2019-06-21 14:06:22.925187,0 days 00:00:10.929208000,10.929208,2019-06-21 14:06:11.995979
58,CPU,1024,58.0,5.204670429229736,5,2019-06-21 14:06:33.926006,0 days 00:00:11.000819000,11.000819,2019-06-21 14:06:22.925187
59,CPU,1024,59.0,5.204623222351074,5,2019-06-21 14:06:44.890044,0 days 00:00:10.964038000,10.964038,2019-06-21 14:06:33.926006
60,CPU,1024,60.0,5.204537391662598,5,2019-06-21 14:06:55.860744,0 days 00:00:10.970700000,10.9707,2019-06-21 14:06:44.890044
61,CPU,1024,61.0,5.204473495483398,5,2019-06-21 14:07:06.814823,0 days 00:00:10.954079000,10.954079,2019-06-21 14:06:55.860744
62,CPU,1024,62.0,5.204432964324951,5,2019-06-21 14:07:17.777817,0 days 00:00:10.962994000,10.962994,2019-06-21 14:07:06.814823
63,CPU,1024,63.0,5.204387664794922,5,2019-06-21 14:07:28.753135,0 days 00:00:10.975318000,10.975318,2019-06-21 14:07:17.777817
64,CPU,1024,64.0,5.204322338104248,5,2019-06-21 14:07:39.705445,0 days 00:00:10.952310000,10.95231,2019-06-21 14:07:28.753135
65,CPU,1024,65.0,5.204257965087891,5,2019-06-21 14:07:50.686729,0 days 00:00:10.981284000,10.981284,2019-06-21 14:07:39.705445
66,CPU,1024,66.0,5.204182147979736,5,2019-06-21 14:08:01.625300,0 days 00:00:10.938571000,10.938571,2019-06-21 14:07:50.686729
67,CPU,1024,67.0,5.20410680770874,5,2019-06-21 14:08:12.629356,0 days 00:00:11.004056000,11.004056,2019-06-21 14:08:01.625300
68,CPU,1024,68.0,5.204046249389648,5,2019-06-21 14:08:23.580553,0 days 00:00:10.951197000,10.951197,2019-06-21 14:08:12.629356
69,CPU,1024,69.0,5.203958034515381,5,2019-06-21 14:08:34.520710,0 days 00:00:10.940157000,10.940157,2019-06-21 14:08:23.580553
70,CPU,1024,70.0,5.203859329223633,5,2019-06-21 14:08:45.504742,0 days 00:00:10.984032000,10.984032,2019-06-21 14:08:34.520710
71,CPU,1024,71.0,5.203783988952637,5,2019-06-21 14:08:56.501921,0 days 00:00:10.997179000,10.997179,2019-06-21 14:08:45.504742
72,CPU,1024,72.0,5.203688621520996,5,2019-06-21 14:09:07.482622,0 days 00:00:10.980701000,10.980701,2019-06-21 14:08:56.501921
73,CPU,1024,73.0,5.203573703765869,5,2019-06-21 14:09:18.440943,0 days 00:00:10.958321000,10.958321,2019-06-21 14:09:07.482622
74,CPU,1024,74.0,5.203453540802002,5,2019-06-21 14:09:29.431554,0 days 00:00:10.990611000,10.990611,2019-06-21 14:09:18.440943
75,CPU,1024,75.0,5.2033233642578125,5,2019-06-21 14:09:40.389543,0 days 00:00:10.957989000,10.957989,2019-06-21 14:09:29.431554
76,CPU,1024,76.0,5.203197479248047,5,2019-06-21 14:09:51.372970,0 days 00:00:10.983427000,10.983427,2019-06-21 14:09:40.389543
77,CPU,1024,77.0,5.203063011169434,5,2019-06-21 14:10:02.319893,0 days 00:00:10.946923000,10.946923,2019-06-21 14:09:51.372970
78,CPU,1024,78.0,5.202912330627441,5,2019-06-21 14:10:13.288052,0 days 00:00:10.968159000,10.968159,2019-06-21 14:10:02.319893
79,CPU,1024,79.0,5.202777862548828,5,2019-06-21 14:10:24.265010,0 days 00:00:10.976958000,10.976958,2019-06-21 14:10:13.288052
80,CPU,1024,80.0,5.202640533447266,5,2019-06-21 14:10:35.284554,0 days 00:00:11.019544000,11.019544,2019-06-21 14:10:24.265010
81,CPU,1024,81.0,5.202481746673584,5,2019-06-21 14:10:46.270150,0 days 00:00:10.985596000,10.985596,2019-06-21 14:10:35.284554
82,CPU,1024,82.0,5.202337265014648,5,2019-06-21 14:10:57.227519,0 days 00:00:10.957369000,10.957369,2019-06-21 14:10:46.270150
83,CPU,1024,83.0,5.2022013664245605,5,2019-06-21 14:11:08.235421,0 days 00:00:11.007902000,11.007902,2019-06-21 14:10:57.227519
84,CPU,1024,84.0,5.202138423919678,5,2019-06-21 14:11:19.185490,0 days 00:00:10.950069000,10.950069,2019-06-21 14:11:08.235421
85,CPU,1024,85.0,5.202335357666016,5,2019-06-21 14:11:30.152773,0 days 00:00:10.967283000,10.967283,2019-06-21 14:11:19.185490
86,CPU,1024,86.0,5.202121734619141,5,2019-06-21 14:11:41.141896,0 days 00:00:10.989123000,10.989123,2019-06-21 14:11:30.152773
87,CPU,1024,87.0,5.202362537384033,5,2019-06-21 14:11:52.094188,0 days 00:00:10.952292000,10.952292,2019-06-21 14:11:41.141896
88,CPU,1024,88.0,5.202407360076904,5,2019-06-21 14:12:03.084963,0 days 00:00:10.990775000,10.990775,2019-06-21 14:11:52.094188
89,CPU,1024,89.0,5.2023396492004395,5,2019-06-21 14:12:14.042517,0 days 00:00:10.957554000,10.957554,2019-06-21 14:12:03.084963
90,CPU,1024,90.0,5.202104091644287,5,2019-06-21 14:12:25.061106,0 days 00:00:11.018589000,11.018589,2019-06-21 14:12:14.042517
91,CPU,1024,91.0,5.201739311218262,5,2019-06-21 14:12:36.020018,0 days 00:00:10.958912000,10.958912,2019-06-21 14:12:25.061106
92,CPU,1024,92.0,5.202899932861328,5,2019-06-21 14:12:47.002946,0 days 00:00:10.982928000,10.982928,2019-06-21 14:12:36.020018
93,CPU,1024,93.0,5.203024387359619,5,2019-06-21 14:12:57.980260,0 days 00:00:10.977314000,10.977314,2019-06-21 14:12:47.002946
94,CPU,1024,94.0,5.20319938659668,5,2019-06-21 14:13:08.955185,0 days 00:00:10.974925000,10.974925,2019-06-21 14:12:57.980260
95,CPU,1024,95.0,5.20319128036499,5,2019-06-21 14:13:19.905966,0 days 00:00:10.950781000,10.950781,2019-06-21 14:13:08.955185
96,CPU,1024,96.0,5.2032084465026855,5,2019-06-21 14:13:30.848986,0 days 00:00:10.943020000,10.94302,2019-06-21 14:13:19.905966
97,CPU,1024,97.0,5.203125,5,2019-06-21 14:13:41.806300,0 days 00:00:10.957314000,10.957314,2019-06-21 14:13:30.848986
98,CPU,1024,98.0,5.203134536743164,5,2019-06-21 14:13:52.778984,0 days 00:00:10.972684000,10.972684,2019-06-21 14:13:41.806300
99,CPU,1024,99.0,5.203033924102783,5,2019-06-21 14:14:03.734056,0 days 00:00:10.955072000,10.955072,2019-06-21 14:13:52.778984
0,CPU,128,0.0,5.544383525848389,10,2019-06-21 14:14:07.822080,,,
1,CPU,128,1.0,5.543720722198486,10,2019-06-21 14:14:10.799716,0 days 00:00:02.977636000,2.977636,2019-06-21 14:14:07.822080
2,CPU,128,2.0,5.543037414550781,10,2019-06-21 14:14:13.943473,0 days 00:00:03.143757000,3.143757,2019-06-21 14:14:10.799716
3,CPU,128,3.0,5.542322635650635,10,2019-06-21 14:14:17.084121,0 days 00:00:03.140648000,3.140648,2019-06-21 14:14:13.943473
4,CPU,128,4.0,5.541561126708984,10,2019-06-21 14:14:20.085450,0 days 00:00:03.001329000,3.001329,2019-06-21 14:14:17.084121
5,CPU,128,5.0,5.540741920471191,10,2019-06-21 14:14:23.174136,0 days 00:00:03.088686000,3.088686,2019-06-21 14:14:20.085450
6,CPU,128,6.0,5.539856910705566,10,2019-06-21 14:14:26.415232,0 days 00:00:03.241096000,3.241096,2019-06-21 14:14:23.174136
7,CPU,128,7.0,5.538890838623047,10,2019-06-21 14:14:29.582845,0 days 00:00:03.167613000,3.167613,2019-06-21 14:14:26.415232
8,CPU,128,8.0,5.537827014923096,10,2019-06-21 14:14:32.753210,0 days 00:00:03.170365000,3.170365,2019-06-21 14:14:29.582845
9,CPU,128,9.0,5.536643981933594,10,2019-06-21 14:14:35.863802,0 days 00:00:03.110592000,3.110592,2019-06-21 14:14:32.753210
10,CPU,128,10.0,5.535313129425049,10,2019-06-21 14:14:39.064983,0 days 00:00:03.201181000,3.201181,2019-06-21 14:14:35.863802
11,CPU,128,11.0,5.5337982177734375,10,2019-06-21 14:14:41.809053,0 days 00:00:02.744070000,2.74407,2019-06-21 14:14:39.064983
12,CPU,128,12.0,5.5320515632629395,10,2019-06-21 14:14:44.982249,0 days 00:00:03.173196000,3.173196,2019-06-21 14:14:41.809053
13,CPU,128,13.0,5.530004501342773,10,2019-06-21 14:14:48.152560,0 days 00:00:03.170311000,3.170311,2019-06-21 14:14:44.982249
14,CPU,128,14.0,5.527561664581299,10,2019-06-21 14:14:51.378990,0 days 00:00:03.226430000,3.22643,2019-06-21 14:14:48.152560
15,CPU,128,15.0,5.524587631225586,10,2019-06-21 14:14:54.202247,0 days 00:00:02.823257000,2.823257,2019-06-21 14:14:51.378990
16,CPU,128,16.0,5.520871639251709,10,2019-06-21 14:14:57.372400,0 days 00:00:03.170153000,3.170153,2019-06-21 14:14:54.202247
17,CPU,128,17.0,5.516078948974609,10,2019-06-21 14:15:00.550213,0 days 00:00:03.177813000,3.177813,2019-06-21 14:14:57.372400
18,CPU,128,18.0,5.509627342224121,10,2019-06-21 14:15:03.702508,0 days 00:00:03.152295000,3.152295,2019-06-21 14:15:00.550213
19,CPU,128,19.0,5.500399112701416,10,2019-06-21 14:15:06.917854,0 days 00:00:03.215346000,3.215346,2019-06-21 14:15:03.702508
20,CPU,128,20.0,5.4858832359313965,10,2019-06-21 14:15:10.020431,0 days 00:00:03.102577000,3.102577,2019-06-21 14:15:06.917854
21,CPU,128,21.0,5.458707809448242,10,2019-06-21 14:15:13.168544,0 days 00:00:03.148113000,3.148113,2019-06-21 14:15:10.020431
22,CPU,128,22.0,5.3919878005981445,10,2019-06-21 14:15:16.362272,0 days 00:00:03.193728000,3.193728,2019-06-21 14:15:13.168544
23,CPU,128,23.0,5.342892169952393,10,2019-06-21 14:15:19.489122,0 days 00:00:03.126850000,3.12685,2019-06-21 14:15:16.362272
24,CPU,128,24.0,5.326265811920166,10,2019-06-21 14:15:22.712459,0 days 00:00:03.223337000,3.223337,2019-06-21 14:15:19.489122
25,CPU,128,25.0,5.312399864196777,10,2019-06-21 14:15:25.919844,0 days 00:00:03.207385000,3.207385,2019-06-21 14:15:22.712459
26,CPU,128,26.0,5.298288345336914,10,2019-06-21 14:15:29.055141,0 days 00:00:03.135297000,3.135297,2019-06-21 14:15:25.919844
27,CPU,128,27.0,5.284617900848389,10,2019-06-21 14:15:32.295199,0 days 00:00:03.240058000,3.240058,2019-06-21 14:15:29.055141
28,CPU,128,28.0,5.272341251373291,10,2019-06-21 14:15:35.461857,0 days 00:00:03.166658000,3.166658,2019-06-21 14:15:32.295199
29,CPU,128,29.0,5.2620463371276855,10,2019-06-21 14:15:38.561149,0 days 00:00:03.099292000,3.099292,2019-06-21 14:15:35.461857
30,CPU,128,30.0,5.253859519958496,10,2019-06-21 14:15:41.767320,0 days 00:00:03.206171000,3.206171,2019-06-21 14:15:38.561149
31,CPU,128,31.0,5.247565746307373,10,2019-06-21 14:15:44.983060,0 days 00:00:03.215740000,3.21574,2019-06-21 14:15:41.767320
32,CPU,128,32.0,5.242751121520996,10,2019-06-21 14:15:48.140903,0 days 00:00:03.157843000,3.157843,2019-06-21 14:15:44.983060
33,CPU,128,33.0,5.238930702209473,10,2019-06-21 14:15:50.986574,0 days 00:00:02.845671000,2.845671,2019-06-21 14:15:48.140903
34,CPU,128,34.0,5.235665321350098,10,2019-06-21 14:15:53.906763,0 days 00:00:02.920189000,2.920189,2019-06-21 14:15:50.986574
35,CPU,128,35.0,5.232633590698242,10,2019-06-21 14:15:57.076412,0 days 00:00:03.169649000,3.169649,2019-06-21 14:15:53.906763
36,CPU,128,36.0,5.229700088500977,10,2019-06-21 14:16:00.016152,0 days 00:00:02.939740000,2.93974,2019-06-21 14:15:57.076412
37,CPU,128,37.0,5.226924419403076,10,2019-06-21 14:16:02.710006,0 days 00:00:02.693854000,2.693854,2019-06-21 14:16:00.016152
38,CPU,128,38.0,5.224490642547607,10,2019-06-21 14:16:05.797488,0 days 00:00:03.087482000,3.087482,2019-06-21 14:16:02.710006
39,CPU,128,39.0,5.222578525543213,10,2019-06-21 14:16:09.065518,0 days 00:00:03.268030000,3.26803,2019-06-21 14:16:05.797488
40,CPU,128,40.0,5.22125768661499,10,2019-06-21 14:16:12.275983,0 days 00:00:03.210465000,3.210465,2019-06-21 14:16:09.065518
41,CPU,128,41.0,5.220464706420898,10,2019-06-21 14:16:15.464647,0 days 00:00:03.188664000,3.188664,2019-06-21 14:16:12.275983
42,CPU,128,42.0,5.220020771026611,10,2019-06-21 14:16:18.624854,0 days 00:00:03.160207000,3.160207,2019-06-21 14:16:15.464647
43,CPU,128,43.0,5.21969747543335,10,2019-06-21 14:16:21.676640,0 days 00:00:03.051786000,3.051786,2019-06-21 14:16:18.624854
44,CPU,128,44.0,5.219291687011719,10,2019-06-21 14:16:24.844435,0 days 00:00:03.167795000,3.167795,2019-06-21 14:16:21.676640
45,CPU,128,45.0,5.2186665534973145,10,2019-06-21 14:16:28.069252,0 days 00:00:03.224817000,3.224817,2019-06-21 14:16:24.844435
46,CPU,128,46.0,5.217779159545898,10,2019-06-21 14:16:30.883384,0 days 00:00:02.814132000,2.814132,2019-06-21 14:16:28.069252
47,CPU,128,47.0,5.2166643142700195,10,2019-06-21 14:16:33.825415,0 days 00:00:02.942031000,2.942031,2019-06-21 14:16:30.883384
48,CPU,128,48.0,5.215402126312256,10,2019-06-21 14:16:37.032575,0 days 00:00:03.207160000,3.20716,2019-06-21 14:16:33.825415
49,CPU,128,49.0,5.214101791381836,10,2019-06-21 14:16:40.234184,0 days 00:00:03.201609000,3.201609,2019-06-21 14:16:37.032575
50,CPU,128,50.0,5.212876796722412,10,2019-06-21 14:16:43.417126,0 days 00:00:03.182942000,3.182942,2019-06-21 14:16:40.234184
51,CPU,128,51.0,5.211807727813721,10,2019-06-21 14:16:46.649765,0 days 00:00:03.232639000,3.232639,2019-06-21 14:16:43.417126
52,CPU,128,52.0,5.210949420928955,10,2019-06-21 14:16:49.884681,0 days 00:00:03.234916000,3.234916,2019-06-21 14:16:46.649765
53,CPU,128,53.0,5.210316181182861,10,2019-06-21 14:16:52.992259,0 days 00:00:03.107578000,3.107578,2019-06-21 14:16:49.884681
54,CPU,128,54.0,5.209883213043213,10,2019-06-21 14:16:55.845139,0 days 00:00:02.852880000,2.85288,2019-06-21 14:16:52.992259
55,CPU,128,55.0,5.209610462188721,10,2019-06-21 14:16:59.093723,0 days 00:00:03.248584000,3.248584,2019-06-21 14:16:55.845139
56,CPU,128,56.0,5.209435939788818,10,2019-06-21 14:17:02.319446,0 days 00:00:03.225723000,3.225723,2019-06-21 14:16:59.093723
57,CPU,128,57.0,5.209304332733154,10,2019-06-21 14:17:05.530658,0 days 00:00:03.211212000,3.211212,2019-06-21 14:17:02.319446
58,CPU,128,58.0,5.209171295166016,10,2019-06-21 14:17:08.648553,0 days 00:00:03.117895000,3.117895,2019-06-21 14:17:05.530658
59,CPU,128,59.0,5.209012508392334,10,2019-06-21 14:17:11.851208,0 days 00:00:03.202655000,3.202655,2019-06-21 14:17:08.648553
60,CPU,128,60.0,5.2088236808776855,10,2019-06-21 14:17:15.093958,0 days 00:00:03.242750000,3.24275,2019-06-21 14:17:11.851208
61,CPU,128,61.0,5.208610534667969,10,2019-06-21 14:17:18.196481,0 days 00:00:03.102523000,3.102523,2019-06-21 14:17:15.093958
62,CPU,128,62.0,5.208383560180664,10,2019-06-21 14:17:21.342481,0 days 00:00:03.146000000,3.146,2019-06-21 14:17:18.196481
63,CPU,128,63.0,5.208158016204834,10,2019-06-21 14:17:24.446862,0 days 00:00:03.104381000,3.104381,2019-06-21 14:17:21.342481
64,CPU,128,64.0,5.20794153213501,10,2019-06-21 14:17:27.315369,0 days 00:00:02.868507000,2.868507,2019-06-21 14:17:24.446862
65,CPU,128,65.0,5.207737922668457,10,2019-06-21 14:17:30.293520,0 days 00:00:02.978151000,2.978151,2019-06-21 14:17:27.315369
66,CPU,128,66.0,5.207549095153809,10,2019-06-21 14:17:33.298883,0 days 00:00:03.005363000,3.005363,2019-06-21 14:17:30.293520
67,CPU,128,67.0,5.207374572753906,10,2019-06-21 14:17:36.457191,0 days 00:00:03.158308000,3.158308,2019-06-21 14:17:33.298883
68,CPU,128,68.0,5.207213878631592,10,2019-06-21 14:17:39.633556,0 days 00:00:03.176365000,3.176365,2019-06-21 14:17:36.457191
69,CPU,128,69.0,5.20706844329834,10,2019-06-21 14:17:42.827633,0 days 00:00:03.194077000,3.194077,2019-06-21 14:17:39.633556
70,CPU,128,70.0,5.206937789916992,10,2019-06-21 14:17:45.782621,0 days 00:00:02.954988000,2.954988,2019-06-21 14:17:42.827633
71,CPU,128,71.0,5.206824779510498,10,2019-06-21 14:17:49.019036,0 days 00:00:03.236415000,3.236415,2019-06-21 14:17:45.782621
72,CPU,128,72.0,5.206727981567383,10,2019-06-21 14:17:52.196751,0 days 00:00:03.177715000,3.177715,2019-06-21 14:17:49.019036
73,CPU,128,73.0,5.206648349761963,10,2019-06-21 14:17:55.041795,0 days 00:00:02.845044000,2.845044,2019-06-21 14:17:52.196751
74,CPU,128,74.0,5.206583023071289,10,2019-06-21 14:17:58.149278,0 days 00:00:03.107483000,3.107483,2019-06-21 14:17:55.041795
75,CPU,128,75.0,5.206527233123779,10,2019-06-21 14:18:01.255484,0 days 00:00:03.106206000,3.106206,2019-06-21 14:17:58.149278
76,CPU,128,76.0,5.20647668838501,10,2019-06-21 14:18:04.377418,0 days 00:00:03.121934000,3.121934,2019-06-21 14:18:01.255484
77,CPU,128,77.0,5.206426620483398,10,2019-06-21 14:18:07.480365,0 days 00:00:03.102947000,3.102947,2019-06-21 14:18:04.377418
78,CPU,128,78.0,5.20637321472168,10,2019-06-21 14:18:10.444437,0 days 00:00:02.964072000,2.964072,2019-06-21 14:18:07.480365
79,CPU,128,79.0,5.206316947937012,10,2019-06-21 14:18:13.582493,0 days 00:00:03.138056000,3.138056,2019-06-21 14:18:10.444437
80,CPU,128,80.0,5.206255912780762,10,2019-06-21 14:18:16.743520,0 days 00:00:03.161027000,3.161027,2019-06-21 14:18:13.582493
81,CPU,128,81.0,5.206193447113037,10,2019-06-21 14:18:19.930689,0 days 00:00:03.187169000,3.187169,2019-06-21 14:18:16.743520
82,CPU,128,82.0,5.2061333656311035,10,2019-06-21 14:18:23.116994,0 days 00:00:03.186305000,3.186305,2019-06-21 14:18:19.930689
83,CPU,128,83.0,5.206078052520752,10,2019-06-21 14:18:26.268433,0 days 00:00:03.151439000,3.151439,2019-06-21 14:18:23.116994
84,CPU,128,84.0,5.206029415130615,10,2019-06-21 14:18:29.358142,0 days 00:00:03.089709000,3.089709,2019-06-21 14:18:26.268433
85,CPU,128,85.0,5.205987930297852,10,2019-06-21 14:18:32.546839,0 days 00:00:03.188697000,3.188697,2019-06-21 14:18:29.358142
86,CPU,128,86.0,5.20595121383667,10,2019-06-21 14:18:35.708661,0 days 00:00:03.161822000,3.161822,2019-06-21 14:18:32.546839
87,CPU,128,87.0,5.205918788909912,10,2019-06-21 14:18:38.812058,0 days 00:00:03.103397000,3.103397,2019-06-21 14:18:35.708661
88,CPU,128,88.0,5.2058892250061035,10,2019-06-21 14:18:41.669443,0 days 00:00:02.857385000,2.857385,2019-06-21 14:18:38.812058
89,CPU,128,89.0,5.205860137939453,10,2019-06-21 14:18:44.749750,0 days 00:00:03.080307000,3.080307,2019-06-21 14:18:41.669443
90,CPU,128,90.0,5.205831527709961,10,2019-06-21 14:18:47.557605,0 days 00:00:02.807855000,2.807855,2019-06-21 14:18:44.749750
91,CPU,128,91.0,5.20580530166626,10,2019-06-21 14:18:50.607592,0 days 00:00:03.049987000,3.049987,2019-06-21 14:18:47.557605
92,CPU,128,92.0,5.205779075622559,10,2019-06-21 14:18:53.515487,0 days 00:00:02.907895000,2.907895,2019-06-21 14:18:50.607592
93,CPU,128,93.0,5.205756187438965,10,2019-06-21 14:18:56.659895,0 days 00:00:03.144408000,3.144408,2019-06-21 14:18:53.515487
94,CPU,128,94.0,5.205732822418213,10,2019-06-21 14:18:59.445658,0 days 00:00:02.785763000,2.785763,2019-06-21 14:18:56.659895
95,CPU,128,95.0,5.205709457397461,10,2019-06-21 14:19:02.554675,0 days 00:00:03.109017000,3.109017,2019-06-21 14:18:59.445658
96,CPU,128,96.0,5.205686569213867,10,2019-06-21 14:19:05.741748,0 days 00:00:03.187073000,3.187073,2019-06-21 14:19:02.554675
97,CPU,128,97.0,5.20566463470459,10,2019-06-21 14:19:08.907981,0 days 00:00:03.166233000,3.166233,2019-06-21 14:19:05.741748
98,CPU,128,98.0,5.205642223358154,10,2019-06-21 14:19:12.096428,0 days 00:00:03.188447000,3.188447,2019-06-21 14:19:08.907981
99,CPU,128,99.0,5.205621242523193,10,2019-06-21 14:19:15.313439,0 days 00:00:03.217011000,3.217011,2019-06-21 14:19:12.096428
0,CPU,256,0.0,5.5450873374938965,10,2019-06-21 14:19:21.537177,,,
1,CPU,256,1.0,5.54427433013916,10,2019-06-21 14:19:26.396843,0 days 00:00:04.859666000,4.859666,2019-06-21 14:19:21.537177
2,CPU,256,2.0,5.543411731719971,10,2019-06-21 14:19:31.195724,0 days 00:00:04.798881000,4.798881,2019-06-21 14:19:26.396843
3,CPU,256,3.0,5.54243803024292,10,2019-06-21 14:19:36.106108,0 days 00:00:04.910384000,4.910384,2019-06-21 14:19:31.195724
4,CPU,256,4.0,5.541310787200928,10,2019-06-21 14:19:40.929464,0 days 00:00:04.823356000,4.823356,2019-06-21 14:19:36.106108
5,CPU,256,5.0,5.539981842041016,10,2019-06-21 14:19:45.691604,0 days 00:00:04.762140000,4.76214,2019-06-21 14:19:40.929464
6,CPU,256,6.0,5.538376331329346,10,2019-06-21 14:19:50.504347,0 days 00:00:04.812743000,4.812743,2019-06-21 14:19:45.691604
7,CPU,256,7.0,5.536379337310791,10,2019-06-21 14:19:55.396321,0 days 00:00:04.891974000,4.891974,2019-06-21 14:19:50.504347
8,CPU,256,8.0,5.533817768096924,10,2019-06-21 14:20:00.081545,0 days 00:00:04.685224000,4.685224,2019-06-21 14:19:55.396321
9,CPU,256,9.0,5.530405044555664,10,2019-06-21 14:20:04.884788,0 days 00:00:04.803243000,4.803243,2019-06-21 14:20:00.081545
10,CPU,256,10.0,5.525629043579102,10,2019-06-21 14:20:09.556697,0 days 00:00:04.671909000,4.671909,2019-06-21 14:20:04.884788
11,CPU,256,11.0,5.518475532531738,10,2019-06-21 14:20:14.312533,0 days 00:00:04.755836000,4.755836,2019-06-21 14:20:09.556697
12,CPU,256,12.0,5.506600856781006,10,2019-06-21 14:20:19.152501,0 days 00:00:04.839968000,4.839968,2019-06-21 14:20:14.312533
13,CPU,256,13.0,5.482771873474121,10,2019-06-21 14:20:23.857626,0 days 00:00:04.705125000,4.705125,2019-06-21 14:20:19.152501
14,CPU,256,14.0,5.398036956787109,10,2019-06-21 14:20:28.646118,0 days 00:00:04.788492000,4.788492,2019-06-21 14:20:23.857626
15,CPU,256,15.0,5.336510181427002,10,2019-06-21 14:20:33.442315,0 days 00:00:04.796197000,4.796197,2019-06-21 14:20:28.646118
16,CPU,256,16.0,5.33571720123291,10,2019-06-21 14:20:38.245253,0 days 00:00:04.802938000,4.802938,2019-06-21 14:20:33.442315
17,CPU,256,17.0,5.321263790130615,10,2019-06-21 14:20:43.085602,0 days 00:00:04.840349000,4.840349,2019-06-21 14:20:38.245253
18,CPU,256,18.0,5.298985958099365,10,2019-06-21 14:20:47.846342,0 days 00:00:04.760740000,4.76074,2019-06-21 14:20:43.085602
19,CPU,256,19.0,5.275903224945068,10,2019-06-21 14:20:52.655681,0 days 00:00:04.809339000,4.809339,2019-06-21 14:20:47.846342
20,CPU,256,20.0,5.256308555603027,10,2019-06-21 14:20:57.441285,0 days 00:00:04.785604000,4.785604,2019-06-21 14:20:52.655681
21,CPU,256,21.0,5.241855144500732,10,2019-06-21 14:21:02.222525,0 days 00:00:04.781240000,4.78124,2019-06-21 14:20:57.441285
22,CPU,256,22.0,5.232573986053467,10,2019-06-21 14:21:07.021150,0 days 00:00:04.798625000,4.798625,2019-06-21 14:21:02.222525
23,CPU,256,23.0,5.2278218269348145,10,2019-06-21 14:21:11.913109,0 days 00:00:04.891959000,4.891959,2019-06-21 14:21:07.021150
24,CPU,256,24.0,5.226637363433838,10,2019-06-21 14:21:16.807299,0 days 00:00:04.894190000,4.89419,2019-06-21 14:21:11.913109
25,CPU,256,25.0,5.2277021408081055,10,2019-06-21 14:21:21.576549,0 days 00:00:04.769250000,4.76925,2019-06-21 14:21:16.807299
26,CPU,256,26.0,5.229456424713135,10,2019-06-21 14:21:26.446117,0 days 00:00:04.869568000,4.869568,2019-06-21 14:21:21.576549
27,CPU,256,27.0,5.2305169105529785,10,2019-06-21 14:21:31.277837,0 days 00:00:04.831720000,4.83172,2019-06-21 14:21:26.446117
28,CPU,256,28.0,5.230210781097412,10,2019-06-21 14:21:35.853518,0 days 00:00:04.575681000,4.575681,2019-06-21 14:21:31.277837
29,CPU,256,29.0,5.228659152984619,10,2019-06-21 14:21:40.694375,0 days 00:00:04.840857000,4.840857,2019-06-21 14:21:35.853518
30,CPU,256,30.0,5.226442813873291,10,2019-06-21 14:21:45.504193,0 days 00:00:04.809818000,4.809818,2019-06-21 14:21:40.694375
31,CPU,256,31.0,5.2241339683532715,10,2019-06-21 14:21:50.346021,0 days 00:00:04.841828000,4.841828,2019-06-21 14:21:45.504193
32,CPU,256,32.0,5.222107410430908,10,2019-06-21 14:21:55.110379,0 days 00:00:04.764358000,4.764358,2019-06-21 14:21:50.346021
33,CPU,256,33.0,5.2204203605651855,10,2019-06-21 14:21:59.942655,0 days 00:00:04.832276000,4.832276,2019-06-21 14:21:55.110379
34,CPU,256,34.0,5.218924045562744,10,2019-06-21 14:22:04.775725,0 days 00:00:04.833070000,4.83307,2019-06-21 14:21:59.942655
35,CPU,256,35.0,5.217419624328613,10,2019-06-21 14:22:09.574206,0 days 00:00:04.798481000,4.798481,2019-06-21 14:22:04.775725
36,CPU,256,36.0,5.215813636779785,10,2019-06-21 14:22:14.346704,0 days 00:00:04.772498000,4.772498,2019-06-21 14:22:09.574206
37,CPU,256,37.0,5.214166641235352,10,2019-06-21 14:22:19.084343,0 days 00:00:04.737639000,4.737639,2019-06-21 14:22:14.346704
38,CPU,256,38.0,5.212635040283203,10,2019-06-21 14:22:23.870272,0 days 00:00:04.785929000,4.785929,2019-06-21 14:22:19.084343
39,CPU,256,39.0,5.211364269256592,10,2019-06-21 14:22:28.715951,0 days 00:00:04.845679000,4.845679,2019-06-21 14:22:23.870272
40,CPU,256,40.0,5.21042013168335,10,2019-06-21 14:22:33.513930,0 days 00:00:04.797979000,4.797979,2019-06-21 14:22:28.715951
41,CPU,256,41.0,5.209779739379883,10,2019-06-21 14:22:38.324352,0 days 00:00:04.810422000,4.810422,2019-06-21 14:22:33.513930
42,CPU,256,42.0,5.209353446960449,10,2019-06-21 14:22:43.179217,0 days 00:00:04.854865000,4.854865,2019-06-21 14:22:38.324352
43,CPU,256,43.0,5.209046840667725,10,2019-06-21 14:22:47.923609,0 days 00:00:04.744392000,4.744392,2019-06-21 14:22:43.179217
44,CPU,256,44.0,5.2087931632995605,10,2019-06-21 14:22:52.708948,0 days 00:00:04.785339000,4.785339,2019-06-21 14:22:47.923609
45,CPU,256,45.0,5.208564281463623,10,2019-06-21 14:22:57.493208,0 days 00:00:04.784260000,4.78426,2019-06-21 14:22:52.708948
46,CPU,256,46.0,5.208362102508545,10,2019-06-21 14:23:02.256795,0 days 00:00:04.763587000,4.763587,2019-06-21 14:22:57.493208
47,CPU,256,47.0,5.208184242248535,10,2019-06-21 14:23:07.065056,0 days 00:00:04.808261000,4.808261,2019-06-21 14:23:02.256795
48,CPU,256,48.0,5.208028793334961,10,2019-06-21 14:23:11.859950,0 days 00:00:04.794894000,4.794894,2019-06-21 14:23:07.065056
49,CPU,256,49.0,5.207881450653076,10,2019-06-21 14:23:16.637190,0 days 00:00:04.777240000,4.77724,2019-06-21 14:23:11.859950
50,CPU,256,50.0,5.207721710205078,10,2019-06-21 14:23:21.299980,0 days 00:00:04.662790000,4.66279,2019-06-21 14:23:16.637190
51,CPU,256,51.0,5.207533359527588,10,2019-06-21 14:23:26.147161,0 days 00:00:04.847181000,4.847181,2019-06-21 14:23:21.299980
52,CPU,256,52.0,5.20731258392334,10,2019-06-21 14:23:30.934175,0 days 00:00:04.787014000,4.787014,2019-06-21 14:23:26.147161
53,CPU,256,53.0,5.207071781158447,10,2019-06-21 14:23:35.732593,0 days 00:00:04.798418000,4.798418,2019-06-21 14:23:30.934175
54,CPU,256,54.0,5.206838607788086,10,2019-06-21 14:23:40.654285,0 days 00:00:04.921692000,4.921692,2019-06-21 14:23:35.732593
55,CPU,256,55.0,5.206640243530273,10,2019-06-21 14:23:45.487108,0 days 00:00:04.832823000,4.832823,2019-06-21 14:23:40.654285
56,CPU,256,56.0,5.206486225128174,10,2019-06-21 14:23:50.303308,0 days 00:00:04.816200000,4.8162,2019-06-21 14:23:45.487108
57,CPU,256,57.0,5.206371307373047,10,2019-06-21 14:23:54.976776,0 days 00:00:04.673468000,4.673468,2019-06-21 14:23:50.303308
58,CPU,256,58.0,5.206278324127197,10,2019-06-21 14:23:59.816367,0 days 00:00:04.839591000,4.839591,2019-06-21 14:23:54.976776
59,CPU,256,59.0,5.2061920166015625,10,2019-06-21 14:24:04.615831,0 days 00:00:04.799464000,4.799464,2019-06-21 14:23:59.816367
60,CPU,256,60.0,5.2061076164245605,10,2019-06-21 14:24:09.388364,0 days 00:00:04.772533000,4.772533,2019-06-21 14:24:04.615831
61,CPU,256,61.0,5.206027984619141,10,2019-06-21 14:24:14.122013,0 days 00:00:04.733649000,4.733649,2019-06-21 14:24:09.388364
62,CPU,256,62.0,5.205960750579834,10,2019-06-21 14:24:18.984175,0 days 00:00:04.862162000,4.862162,2019-06-21 14:24:14.122013
63,CPU,256,63.0,5.205909252166748,10,2019-06-21 14:24:23.771780,0 days 00:00:04.787605000,4.787605,2019-06-21 14:24:18.984175
64,CPU,256,64.0,5.205869197845459,10,2019-06-21 14:24:28.550643,0 days 00:00:04.778863000,4.778863,2019-06-21 14:24:23.771780
65,CPU,256,65.0,5.2058329582214355,10,2019-06-21 14:24:33.394966,0 days 00:00:04.844323000,4.844323,2019-06-21 14:24:28.550643
66,CPU,256,66.0,5.205791473388672,10,2019-06-21 14:24:38.189059,0 days 00:00:04.794093000,4.794093,2019-06-21 14:24:33.394966
67,CPU,256,67.0,5.205742359161377,10,2019-06-21 14:24:42.905770,0 days 00:00:04.716711000,4.716711,2019-06-21 14:24:38.189059
68,CPU,256,68.0,5.205687999725342,10,2019-06-21 14:24:47.670883,0 days 00:00:04.765113000,4.765113,2019-06-21 14:24:42.905770
69,CPU,256,69.0,5.205634117126465,10,2019-06-21 14:24:52.430461,0 days 00:00:04.759578000,4.759578,2019-06-21 14:24:47.670883
70,CPU,256,70.0,5.20558500289917,10,2019-06-21 14:24:57.257574,0 days 00:00:04.827113000,4.827113,2019-06-21 14:24:52.430461
71,CPU,256,71.0,5.205540180206299,10,2019-06-21 14:25:02.084889,0 days 00:00:04.827315000,4.827315,2019-06-21 14:24:57.257574
72,CPU,256,72.0,5.20550012588501,10,2019-06-21 14:25:06.823495,0 days 00:00:04.738606000,4.738606,2019-06-21 14:25:02.084889
73,CPU,256,73.0,5.205460071563721,10,2019-06-21 14:25:11.665359,0 days 00:00:04.841864000,4.841864,2019-06-21 14:25:06.823495
74,CPU,256,74.0,5.205421447753906,10,2019-06-21 14:25:16.473705,0 days 00:00:04.808346000,4.808346,2019-06-21 14:25:11.665359
75,CPU,256,75.0,5.205384254455566,10,2019-06-21 14:25:21.279239,0 days 00:00:04.805534000,4.805534,2019-06-21 14:25:16.473705
76,CPU,256,76.0,5.205353736877441,10,2019-06-21 14:25:26.118355,0 days 00:00:04.839116000,4.839116,2019-06-21 14:25:21.279239
77,CPU,256,77.0,5.2053303718566895,10,2019-06-21 14:25:30.908326,0 days 00:00:04.789971000,4.789971,2019-06-21 14:25:26.118355
78,CPU,256,78.0,5.205312252044678,10,2019-06-21 14:25:35.779703,0 days 00:00:04.871377000,4.871377,2019-06-21 14:25:30.908326
79,CPU,256,79.0,5.205297470092773,10,2019-06-21 14:25:40.642070,0 days 00:00:04.862367000,4.862367,2019-06-21 14:25:35.779703
80,CPU,256,80.0,5.205282688140869,10,2019-06-21 14:25:45.476103,0 days 00:00:04.834033000,4.834033,2019-06-21 14:25:40.642070
81,CPU,256,81.0,5.20526647567749,10,2019-06-21 14:25:50.202084,0 days 00:00:04.725981000,4.725981,2019-06-21 14:25:45.476103
82,CPU,256,82.0,5.205246925354004,10,2019-06-21 14:25:54.965810,0 days 00:00:04.763726000,4.763726,2019-06-21 14:25:50.202084
83,CPU,256,83.0,5.205227375030518,10,2019-06-21 14:25:59.691400,0 days 00:00:04.725590000,4.72559,2019-06-21 14:25:54.965810
84,CPU,256,84.0,5.205208778381348,10,2019-06-21 14:26:04.516068,0 days 00:00:04.824668000,4.824668,2019-06-21 14:25:59.691400
85,CPU,256,85.0,5.205190181732178,10,2019-06-21 14:26:09.283474,0 days 00:00:04.767406000,4.767406,2019-06-21 14:26:04.516068
86,CPU,256,86.0,5.205172061920166,10,2019-06-21 14:26:13.743903,0 days 00:00:04.460429000,4.460429,2019-06-21 14:26:09.283474
87,CPU,256,87.0,5.205153465270996,10,2019-06-21 14:26:18.551346,0 days 00:00:04.807443000,4.807443,2019-06-21 14:26:13.743903
88,CPU,256,88.0,5.205136775970459,10,2019-06-21 14:26:23.381995,0 days 00:00:04.830649000,4.830649,2019-06-21 14:26:18.551346
89,CPU,256,89.0,5.205121040344238,10,2019-06-21 14:26:28.134153,0 days 00:00:04.752158000,4.752158,2019-06-21 14:26:23.381995
90,CPU,256,90.0,5.205108642578125,10,2019-06-21 14:26:32.927346,0 days 00:00:04.793193000,4.793193,2019-06-21 14:26:28.134153
91,CPU,256,91.0,5.2050981521606445,10,2019-06-21 14:26:37.709922,0 days 00:00:04.782576000,4.782576,2019-06-21 14:26:32.927346
92,CPU,256,92.0,5.205088138580322,10,2019-06-21 14:26:42.487869,0 days 00:00:04.777947000,4.777947,2019-06-21 14:26:37.709922
93,CPU,256,93.0,5.205079555511475,10,2019-06-21 14:26:47.249218,0 days 00:00:04.761349000,4.761349,2019-06-21 14:26:42.487869
94,CPU,256,94.0,5.2050700187683105,10,2019-06-21 14:26:51.971376,0 days 00:00:04.722158000,4.722158,2019-06-21 14:26:47.249218
95,CPU,256,95.0,5.20505952835083,10,2019-06-21 14:26:56.798168,0 days 00:00:04.826792000,4.826792,2019-06-21 14:26:51.971376
96,CPU,256,96.0,5.205049991607666,10,2019-06-21 14:27:01.596980,0 days 00:00:04.798812000,4.798812,2019-06-21 14:26:56.798168
97,CPU,256,97.0,5.205039024353027,10,2019-06-21 14:27:06.429958,0 days 00:00:04.832978000,4.832978,2019-06-21 14:27:01.596980
98,CPU,256,98.0,5.205028533935547,10,2019-06-21 14:27:11.270759,0 days 00:00:04.840801000,4.840801,2019-06-21 14:27:06.429958
99,CPU,256,99.0,5.205018520355225,10,2019-06-21 14:27:16.090213,0 days 00:00:04.819454000,4.819454,2019-06-21 14:27:11.270759
0,CPU,1024,0.0,5.545436382293701,10,2019-06-21 14:27:31.573491,,,
